<?xml version="1.0" encoding="UTF-8"?>
<!DOCTYPE html PUBLIC "-//W3C//DTD XHTML 1.0 Transitional//EN"
    "http://www.w3.org/TR/xhtml1/DTD/xhtml1-transitional.dtd">
<html xmlns="http://www.w3.org/1999/xhtml" xml:lang="en" lang="en">
 <head>
  <title>
</title>
<meta http-equiv="Content-Type" content="text/html;charset=utf-8" />
  <meta name='ocr-system' content='tesseract 3.04.00' />
  <meta name='ocr-capabilities' content='ocr_page ocr_carea ocr_par ocr_line ocrx_word'/>
</head>
<body>
  <div class='ocr_page' id='page_1' title='image "./MN41654ucmf_1_0099.png"; bbox 0 0 1936 3304; ppageno 0'>
   <div class='ocr_carea' id='block_1_1' title="bbox 347 179 900 220">
    <p class='ocr_par' dir='ltr' id='par_1_1' title="bbox 347 179 900 220">
     <span class='ocr_line' id='line_1_1' title="bbox 347 179 900 220; baseline 0.004 -2"><span class='ocrx_word' id='word_1_1' title='bbox 347 191 372 219; x_wconf 77' lang='lat' dir='ltr'>DE</span> <span class='ocrx_word' id='word_1_2' title='bbox 388 191 526 220; x_wconf 79' lang='lat' dir='ltr'>Guosrmonuu</span> <span class='ocrx_word' id='word_1_3' title='bbox 539 191 608 220; x_wconf 75' lang='lat' dir='ltr'>REBUS.</span> <span class='ocrx_word' id='word_1_4' title='bbox 874 179 900 220; x_wconf 74' lang='grc'>65</span> 
     </span>
    </p>
   </div>
   <div class='ocr_carea' id='block_1_2' title="bbox 14 290 908 3079">
    <p class='ocr_par' dir='ltr' id='par_1_2' title="bbox 21 290 904 971">
     <span class='ocr_line' id='line_1_2' title="bbox 56 290 900 345; baseline -0.002 -11"><span class='ocrx_word' id='word_1_5' title='bbox 56 298 76 336; x_wconf 86' lang='grc'>11</span> <span class='ocrx_word' id='word_1_6' title='bbox 90 293 183 340; x_wconf 88' lang='lat' dir='ltr'>fructum,</span> <span class='ocrx_word' id='word_1_7' title='bbox 198 291 321 332; x_wconf 88' lang='lat' dir='ltr'>Salvatorem</span> <span class='ocrx_word' id='word_1_8' title='bbox 336 291 396 332; x_wconf 91' lang='lat' dir='ltr'>etiam</span> <span class='ocrx_word' id='word_1_9' title='bbox 411 297 431 332; x_wconf 91' lang='lat' dir='ltr'>et</span> <span class='ocrx_word' id='word_1_10' title='bbox 444 293 531 333; x_wconf 78' lang='lat' dir='ltr'>Verbum</span> <span class='ocrx_word' id='word_1_11' title='bbox 546 292 680 340; x_wconf 77' lang='lat' dir='ltr'>etChrrstum,</span> <span class='ocrx_word' id='word_1_12' title='bbox 697 304 720 331; x_wconf 90' lang='lat' dir='ltr'>ac</span> <span class='ocrx_word' id='word_1_13' title='bbox 728 290 800 331; x_wconf 87' lang='lat' dir='ltr'>Omnia</span> <span class='ocrx_word' id='word_1_14' title='bbox 814 292 900 345; x_wconf 92' lang='lat' dir='ltr'>denique</span> 
     </span>
     <span class='ocr_line' id='line_1_3' title="bbox 56 348 900 402; baseline -0.002 -11"><span class='ocrx_word' id='word_1_15' title='bbox 56 354 202 402; x_wconf 71' lang='lat' dir='ltr'>nuncupatum,</span> <span class='ocrx_word' id='word_1_16' title='bbox 219 361 278 401; x_wconf 90' lang='lat' dir='ltr'>quem</span> <span class='ocrx_word' id='word_1_17' title='bbox 293 348 369 401; x_wconf 82' lang='lat' dir='ltr'>angelis</span> <span class='ocrx_word' id='word_1_18' title='bbox 384 362 464 402; x_wconf 86' lang='lat' dir='ltr'>quoque</span> <span class='ocrx_word' id='word_1_19' title='bbox 479 349 599 390; x_wconf 88' lang='lat' dir='ltr'>satellitibus</span> <span class='ocrx_word' id='word_1_20' title='bbox 615 349 695 402; x_wconf 91' lang='lat' dir='ltr'>stipant.</span> <span class='ocrx_word' id='word_1_21' title='bbox 726 348 800 389; x_wconf 82' lang='lat' dir='ltr'>Christi</span> <span class='ocrx_word' id='word_1_22' title='bbox 809 353 828 389; x_wconf 92' lang='lat' dir='ltr'>et</span> <span class='ocrx_word' id='word_1_23' title='bbox 837 349 900 401; x_wconf 89' lang='lat' dir='ltr'>Spiri-</span> 
     </span>
     <span class='ocr_line' id='line_1_4' title="bbox 21 405 902 459; baseline -0.003 -11"><span class='ocrx_word' id='word_1_24' title='bbox 21 444 24 453; x_wconf 65' lang='lat'>,</span> <span class='ocrx_word' id='word_1_25' title='bbox 56 413 88 448; x_wconf 92' lang='lat' dir='ltr'>tus</span> <span class='ocrx_word' id='word_1_26' title='bbox 103 406 167 446; x_wconf 88' lang='lat' dir='ltr'>sancti</span> <span class='ocrx_word' id='word_1_27' title='bbox 181 410 247 445; x_wconf 90' lang='lat' dir='ltr'>ortum</span> <span class='ocrx_word' id='word_1_28' title='bbox 261 406 319 447; x_wconf 89' lang='lat' dir='ltr'>aliter</span> <span class='ocrx_word' id='word_1_29' title='bbox 334 406 445 459; x_wconf 78' lang='lat' dir='ltr'>explicabat</span> <span class='ocrx_word' id='word_1_30' title='bbox 458 406 581 446; x_wconf 76' lang='lat' dir='ltr'>Valentinus.</span> <span class='ocrx_word' id='word_1_31' title='bbox 610 406 668 446; x_wconf 93' lang='lat' dir='ltr'>Hunc</span> <span class='ocrx_word' id='word_1_32' title='bbox 683 405 764 458; x_wconf 87' lang='lat' dir='ltr'>quidem</span> <span class='ocrx_word' id='word_1_33' title='bbox 779 406 802 446; x_wconf 91' lang='lat' dir='ltr'>ab</span> <span class='ocrx_word' id='word_1_34' title='bbox 810 406 902 446; x_wconf 86' lang='lat' dir='ltr'>Ecclesia</span> 
     </span>
     <span class='ocr_line' id='line_1_5' title="bbox 56 458 900 518; baseline -0.001 -15"><span class='ocrx_word' id='word_1_35' title='bbox 56 463 176 518; x_wconf 88' lang='lat' dir='ltr'>productum</span> <span class='ocrx_word' id='word_1_36' title='bbox 196 463 269 512; x_wconf 90' lang='lat' dir='ltr'>fuisse,</span> <span class='ocrx_word' id='word_1_37' title='bbox 291 462 316 503; x_wconf 87' lang='lat' dir='ltr'>ad</span> <span class='ocrx_word' id='word_1_38' title='bbox 330 458 421 503; x_wconf 79' lang='lat' dir='ltr'>Aeonum</span> <span class='ocrx_word' id='word_1_39' title='bbox 439 467 605 504; x_wconf 81' lang='lat' dir='ltr'>enaaaeinationetn</span> <span class='ocrx_word' id='word_1_40' title='bbox 620 468 639 503; x_wconf 93' lang='lat' dir='ltr'>et</span> <span class='ocrx_word' id='word_1_41' title='bbox 653 462 797 503; x_wconf 87' lang='lat' dir='ltr'>fecunditatem</span> <span class='ocrx_word' id='word_1_42' title='bbox 812 462 900 503; x_wconf 89' lang='lat' dir='ltr'>dicebat:</span> 
     </span>
     <span class='ocr_line' id='line_1_6' title="bbox 57 519 901 573; baseline -0.001 -13"><span class='ocrx_word' id='word_1_43' title='bbox 57 521 113 561; x_wconf 92' lang='lat' dir='ltr'>illum</span> <span class='ocrx_word' id='word_1_44' title='bbox 126 532 173 560; x_wconf 89' lang='lat' dir='ltr'>vero</span> <span class='ocrx_word' id='word_1_45' title='bbox 188 532 230 560; x_wconf 90' lang='lat' dir='ltr'>non</span> <span class='ocrx_word' id='word_1_46' title='bbox 244 521 268 561; x_wconf 91' lang='lat' dir='ltr'>ab</span> <span class='ocrx_word' id='word_1_47' title='bbox 283 519 309 560; x_wconf 90' lang='lat' dir='ltr'>iis</span> <span class='ocrx_word' id='word_1_48' title='bbox 323 520 425 560; x_wconf 87' lang='lat' dir='ltr'>Aeonibus</span> <span class='ocrx_word' id='word_1_49' title='bbox 441 520 475 571; x_wconf 89' lang='lat' dir='ltr'>qui</span> <span class='ocrx_word' id='word_1_50' title='bbox 489 520 511 560; x_wconf 89' lang='lat' dir='ltr'>iu</span> <span class='ocrx_word' id='word_1_51' title='bbox 525 521 636 573; x_wconf 81' lang='lat' dir='ltr'>pleromate</span> <span class='ocrx_word' id='word_1_52' title='bbox 651 520 719 560; x_wconf 89' lang='lat' dir='ltr'>sedem</span> <span class='ocrx_word' id='word_1_53' title='bbox 733 519 817 568; x_wconf 87' lang='lat' dir='ltr'>habent,</span> <span class='ocrx_word' id='word_1_54' title='bbox 840 520 876 560; x_wconf 88' lang='lat' dir='ltr'>sed</span> <span class='ocrx_word' id='word_1_55' title='bbox 891 533 901 559; x_wconf 94' lang='lat' dir='ltr'>a</span> 
     </span>
     <span class='ocr_line' id='line_1_7' title="bbox 57 576 902 629; baseline -0.002 -11"><span class='ocrx_word' id='word_1_56' title='bbox 57 582 119 618; x_wconf 88' lang='lat' dir='ltr'>matre</span> <span class='ocrx_word' id='word_1_57' title='bbox 133 576 190 616; x_wconf 90' lang='lat' dir='ltr'>illinc</span> <span class='ocrx_word' id='word_1_58' title='bbox 198 577 283 626; x_wconf 89' lang='lat' dir='ltr'>exclusa,</span> <span class='ocrx_word' id='word_1_59' title='bbox 299 577 409 617; x_wconf 90' lang='lat' dir='ltr'>secuudum</span> <span class='ocrx_word' id='word_1_60' title='bbox 420 577 581 617; x_wconf 80' lang='lat' dir='ltr'>recordationem</span> <span class='ocrx_word' id='word_1_61' title='bbox 586 577 692 618; x_wconf 91' lang='lat' dir='ltr'>meliorum</span> <span class='ocrx_word' id='word_1_62' title='bbox 698 581 825 629; x_wconf 87' lang='lat' dir='ltr'>procreatum</span> <span class='ocrx_word' id='word_1_63' title='bbox 832 578 902 623; x_wconf 86' lang='lat' dir='ltr'>fuisse,</span> 
     </span>
     <span class='ocr_line' id='line_1_8' title="bbox 58 633 903 687; baseline -0.002 -12"><span class='ocrx_word' id='word_1_64' title='bbox 58 647 95 675; x_wconf 89' lang='lat' dir='ltr'>nec</span> <span class='ocrx_word' id='word_1_65' title='bbox 109 633 153 673; x_wconf 90' lang='lat' dir='ltr'>sine</span> <span class='ocrx_word' id='word_1_66' title='bbox 168 635 252 686; x_wconf 89' lang='lat' dir='ltr'>quadam</span> <span class='ocrx_word' id='word_1_67' title='bbox 267 634 344 674; x_wconf 82' lang='grc'><strong>11111111.</strong></span> <span class='ocrx_word' id='word_1_68' title='bbox 373 634 446 674; x_wconf 88' lang='lat' dir='ltr'>Verum</span> <span class='ocrx_word' id='word_1_69' title='bbox 460 633 565 686; x_wconf 89' lang='lat' dir='ltr'>ingratum,</span> <span class='ocrx_word' id='word_1_70' title='bbox 582 648 643 687; x_wconf 93' lang='lat' dir='ltr'>quum</span> <span class='ocrx_word' id='word_1_71' title='bbox 650 634 752 674; x_wconf 90' lang='lat' dir='ltr'>masculus</span> <span class='ocrx_word' id='word_1_72' title='bbox 760 638 820 682; x_wconf 78' lang='lat' dir='ltr'>esset,</span> <span class='ocrx_word' id='word_1_73' title='bbox 837 633 903 674; x_wconf 90' lang='lat' dir='ltr'>excisa</span> 
     </span>
     <span class='ocr_line' id='line_1_9' title="bbox 60 690 903 744; baseline -0.001 -12"><span class='ocrx_word' id='word_1_74' title='bbox 60 703 106 732; x_wconf 89' lang='lat' dir='ltr'>ase</span> <span class='ocrx_word' id='word_1_75' title='bbox 120 690 200 740; x_wconf 86' lang='lat' dir='ltr'>umbra,</span> <span class='ocrx_word' id='word_1_76' title='bbox 221 692 245 731; x_wconf 90' lang='lat' dir='ltr'>ad</span> <span class='ocrx_word' id='word_1_77' title='bbox 259 692 349 744; x_wconf 88' lang='lat' dir='ltr'>pleroma</span> <span class='ocrx_word' id='word_1_78' title='bbox 363 691 484 741; x_wconf 87' lang='lat' dir='ltr'>recurrisse;</span> <span class='ocrx_word' id='word_1_79' title='bbox 505 691 860 739; x_wconf 77' lang='grc'><strong>111111111111111111111111111111,</strong></span> <span class='ocrx_word' id='word_1_80' title='bbox 880 703 903 731; x_wconf 88' lang='lat' dir='ltr'>ac</span> 
     </span>
     <span class='ocr_line' id='line_1_10' title="bbox 59 747 903 801; baseline -0.002 -12"><span class='ocrx_word' id='word_1_81' title='bbox 59 747 144 801; x_wconf 88' lang='lat' dir='ltr'>spiritali</span> <span class='ocrx_word' id='word_1_82' title='bbox 159 748 270 788; x_wconf 88' lang='lat' dir='ltr'>substantia</span> <span class='ocrx_word' id='word_1_83' title='bbox 285 748 360 788; x_wconf 87' lang='lat' dir='ltr'>orbata.</span> <span class='ocrx_word' id='word_1_84' title='bbox 389 749 456 788; x_wconf 93' lang='lat' dir='ltr'>lesum</span> <span class='ocrx_word' id='word_1_85' title='bbox 470 753 537 789; x_wconf 91' lang='lat' dir='ltr'>autem</span> <span class='ocrx_word' id='word_1_86' title='bbox 550 750 651 789; x_wconf 90' lang='lat' dir='ltr'>interdum</span> <span class='ocrx_word' id='word_1_87' title='bbox 666 748 787 796; x_wconf 72' lang='grc'><strong>1111111111,</strong></span> <span class='ocrx_word' id='word_1_88' title='bbox 802 748 903 788; x_wconf 90' lang='lat' dir='ltr'>interdum</span> 
     </span>
     <span class='ocr_line' id='line_1_11' title="bbox 59 804 903 857; baseline 0 -12"><span class='ocrx_word' id='word_1_89' title='bbox 59 818 82 845; x_wconf 90' lang='lat' dir='ltr'>ex</span> <span class='ocrx_word' id='word_1_90' title='bbox 97 804 182 853; x_wconf 81' lang='lat' dir='ltr'>Christo,</span> <span class='ocrx_word' id='word_1_91' title='bbox 198 817 349 857; x_wconf 84' lang='lat' dir='ltr'>nonnumquam</span> <span class='ocrx_word' id='word_1_92' title='bbox 363 818 387 845; x_wconf 87' lang='lat' dir='ltr'>ex</span> <span class='ocrx_word' id='word_1_93' title='bbox 401 805 486 846; x_wconf 89' lang='lat' dir='ltr'>Homine</span> <span class='ocrx_word' id='word_1_94' title='bbox 505 811 524 846; x_wconf 91' lang='lat' dir='ltr'>et</span> <span class='ocrx_word' id='word_1_95' title='bbox 537 806 629 846; x_wconf 79' lang='lat' dir='ltr'>Ecclesia</span> <span class='ocrx_word' id='word_1_96' title='bbox 644 810 710 845; x_wconf 88' lang='lat' dir='ltr'>ortum</span> <span class='ocrx_word' id='word_1_97' title='bbox 725 805 833 845; x_wconf 77' lang='lat' dir='ltr'>asserebat.</span> <span class='ocrx_word' id='word_1_98' title='bbox 863 806 903 845; x_wconf 89' lang='lat' dir='ltr'>Has</span> 
     </span>
     <span class='ocr_line' id='line_1_12' title="bbox 59 861 904 915; baseline 0 -13"><span class='ocrx_word' id='word_1_99' title='bbox 59 863 83 902; x_wconf 89' lang='lat' dir='ltr'>de</span> <span class='ocrx_word' id='word_1_100' title='bbox 97 861 158 901; x_wconf 89' lang='lat' dir='ltr'>rebus</span> <span class='ocrx_word' id='word_1_101' title='bbox 173 862 246 902; x_wconf 92' lang='lat' dir='ltr'>divinis</span> <span class='ocrx_word' id='word_1_102' title='bbox 261 873 324 913; x_wconf 90' lang='lat' dir='ltr'>nugas</span> <span class='ocrx_word' id='word_1_103' title='bbox 338 862 467 903; x_wconf 86' lang='lat' dir='ltr'>venditabant</span> <span class='ocrx_word' id='word_1_104' title='bbox 480 867 603 904; x_wconf 88' lang='lat' dir='ltr'>veteratores</span> <span class='ocrx_word' id='word_1_105' title='bbox 618 862 664 913; x_wconf 80' lang='lat' dir='ltr'>isti3</span> <span class='ocrx_word' id='word_1_106' title='bbox 680 868 700 903; x_wconf 87' lang='lat' dir='ltr'>et</span> <span class='ocrx_word' id='word_1_107' title='bbox 712 863 763 902; x_wconf 91' lang='lat' dir='ltr'>haec</span> <span class='ocrx_word' id='word_1_108' title='bbox 769 862 835 915; x_wconf 88' lang='lat' dir='ltr'>prima</span> <span class='ocrx_word' id='word_1_109' title='bbox 847 862 904 902; x_wconf 89' lang='lat' dir='ltr'>fabu-</span> 
     </span>
     <span class='ocr_line' id='line_1_13' title="bbox 58 919 159 971; baseline -0.01 -12"><span class='ocrx_word' id='word_1_110' title='bbox 58 919 89 959; x_wconf 90' lang='lat' dir='ltr'>lae</span> <span class='ocrx_word' id='word_1_111' title='bbox 104 930 159 971; x_wconf 90' lang='lat' dir='ltr'>pars.</span> 
     </span>
    </p>

    <p class='ocr_par' dir='ltr' id='par_1_3' title="bbox 14 973 908 3079">
     <span class='ocr_line' id='line_1_14' title="bbox 115 973 904 1029; baseline 0 -14"><span class='ocrx_word' id='word_1_112' title='bbox 115 973 148 1023; x_wconf 79' lang='grc'>15.</span> <span class='ocrx_word' id='word_1_113' title='bbox 170 975 237 1016; x_wconf 86' lang='grc' dir='ltr'><strong>Α11111</strong></span> <span class='ocrx_word' id='word_1_114' title='bbox 251 976 271 1016; x_wconf 87' lang='grc'>11</span> <span class='ocrx_word' id='word_1_115' title='bbox 286 975 319 1024; x_wconf 84' lang='grc'><strong>111,</strong></span> <span class='ocrx_word' id='word_1_116' title='bbox 335 988 386 1028; x_wconf 87' lang='lat' dir='ltr'>quae</span> <span class='ocrx_word' id='word_1_117' title='bbox 405 980 459 1017; x_wconf 88' lang='lat' dir='ltr'>extra</span> <span class='ocrx_word' id='word_1_118' title='bbox 477 977 567 1029; x_wconf 82' lang='lat' dir='ltr'>pleroma</span> <span class='ocrx_word' id='word_1_119' title='bbox 582 982 637 1028; x_wconf 91' lang='lat' dir='ltr'>gesta</span> <span class='ocrx_word' id='word_1_120' title='bbox 652 980 708 1024; x_wconf 82' lang='lat' dir='ltr'>sunt,</span> <span class='ocrx_word' id='word_1_121' title='bbox 730 975 842 1016; x_wconf 82' lang='lat' dir='ltr'>referendis</span> <span class='ocrx_word' id='word_1_122' title='bbox 860 988 904 1015; x_wconf 87' lang='lat' dir='ltr'>ver-</span> 
     </span>
     <span class='ocr_line' id='line_1_15' title="bbox 60 1033 904 1086; baseline 0.001 -15"><span class='ocrx_word' id='word_1_123' title='bbox 60 1037 120 1072; x_wconf 89' lang='lat' dir='ltr'>satur.</span> <span class='ocrx_word' id='word_1_124' title='bbox 155 1033 269 1085; x_wconf 87' lang='lat' dir='ltr'>Superioris</span> <span class='ocrx_word' id='word_1_125' title='bbox 287 1045 367 1085; x_wconf 81' lang='lat' dir='ltr'>nempe.</span> <span class='ocrx_word' id='word_1_126' title='bbox 378 1033 466 1085; x_wconf 84' lang='lat' dir='ltr'>Sophiae</span> <span class='ocrx_word' id='word_1_127' title='bbox 484 1034 612 1086; x_wconf 69' lang='lat' dir='ltr'>Enthymesis</span> <span class='ocrx_word' id='word_1_128' title='bbox 631 1033 748 1083; x_wconf 82' lang='lat' dir='ltr'>(dclaamoth</span> <span class='ocrx_word' id='word_1_129' title='bbox 767 1033 791 1072; x_wconf 90' lang='lat' dir='ltr'>ab</span> <span class='ocrx_word' id='word_1_130' title='bbox 810 1033 904 1072; x_wconf 88' lang='lat' dir='ltr'>hebraica</span> 
     </span>
     <span class='ocr_line' id='line_1_16' title="bbox 60 1089 904 1143; baseline 0 -15"><span class='ocrx_word' id='word_1_131' title='bbox 60 1102 108 1129; x_wconf 90' lang='lat' dir='ltr'>voce</span> <span class='ocrx_word' id='word_1_132' title='bbox 129 1097 193 1131; x_wconf 62' lang='lat' dir='ltr'>nazari</span> <span class='ocrx_word' id='word_1_133' title='bbox 216 1090 318 1143; x_wconf 76' lang='lat' dir='ltr'>Sapientia</span> <span class='ocrx_word' id='word_1_134' title='bbox 335 1090 451 1142; x_wconf 86' lang='lat' dir='ltr'>vocabant),</span> <span class='ocrx_word' id='word_1_135' title='bbox 475 1103 534 1142; x_wconf 91' lang='lat' dir='ltr'>quam</span> <span class='ocrx_word' id='word_1_136' title='bbox 553 1096 607 1130; x_wconf 87' lang='lat' dir='ltr'>extra</span> <span class='ocrx_word' id='word_1_137' title='bbox 625 1091 716 1143; x_wconf 85' lang='lat' dir='ltr'>pleroma</span> <span class='ocrx_word' id='word_1_138' title='bbox 734 1102 779 1129; x_wconf 91' lang='lat' dir='ltr'>cum</span> <span class='ocrx_word' id='word_1_139' title='bbox 794 1089 904 1141; x_wconf 86' lang='lat' dir='ltr'>appendice</span> 
     </span>
     <span class='ocr_line' id='line_1_17' title="bbox 57 1146 904 1199; baseline -0.001 -13"><span class='ocrx_word' id='word_1_140' title='bbox 57 1149 153 1199; x_wconf 78' lang='lat' dir='ltr'>passione</span> <span class='ocrx_word' id='word_1_141' title='bbox 167 1146 276 1198; x_wconf 80' lang='lat' dir='ltr'>relegatam</span> <span class='ocrx_word' id='word_1_142' title='bbox 290 1146 387 1195; x_wconf 87' lang='lat' dir='ltr'>diximus,</span> <span class='ocrx_word' id='word_1_143' title='bbox 403 1147 424 1187; x_wconf 92' lang='grc'>111</span> <span class='ocrx_word' id='word_1_144' title='bbox 438 1147 509 1187; x_wconf 90' lang='lat' dir='ltr'>umbra</span> <span class='ocrx_word' id='word_1_145' title='bbox 524 1151 543 1187; x_wconf 88' lang='lat' dir='ltr'>et</span> <span class='ocrx_word' id='word_1_146' title='bbox 556 1160 629 1195; x_wconf 91' lang='lat' dir='ltr'>vacuo,</span> <span class='ocrx_word' id='word_1_147' title='bbox 646 1147 731 1194; x_wconf 82' lang='lat' dir='ltr'>formae,</span> <span class='ocrx_word' id='word_1_148' title='bbox 747 1147 822 1197; x_wconf 87' lang='lat' dir='ltr'>figurae</span> <span class='ocrx_word' id='word_1_149' title='bbox 837 1158 861 1186; x_wconf 90' lang='lat' dir='ltr'>ac</span> <span class='ocrx_word' id='word_1_150' title='bbox 874 1146 904 1185; x_wconf 93' lang='grc'>11-</span> 
     </span>
     <span class='ocr_line' id='line_1_18' title="bbox 60 1202 905 1256; baseline -0.001 -13"><span class='ocrx_word' id='word_1_151' title='bbox 60 1202 119 1243; x_wconf 87' lang='lat' dir='ltr'>minis</span> <span class='ocrx_word' id='word_1_152' title='bbox 134 1216 211 1256; x_wconf 84' lang='lat' dir='ltr'>expers,</span> <span class='ocrx_word' id='word_1_153' title='bbox 226 1204 300 1244; x_wconf 88' lang='lat' dir='ltr'>misere</span> <span class='ocrx_word' id='word_1_154' title='bbox 315 1203 399 1244; x_wconf 90' lang='lat' dir='ltr'>iaccbat.</span> <span class='ocrx_word' id='word_1_155' title='bbox 428 1204 496 1256; x_wconf 88' lang='lat' dir='ltr'>Ipsius</span> <span class='ocrx_word' id='word_1_156' title='bbox 508 1204 620 1245; x_wconf 86' lang='lat' dir='ltr'>calamitate</span> <span class='ocrx_word' id='word_1_157' title='bbox 629 1208 740 1244; x_wconf 93' lang='lat' dir='ltr'>commotus</span> <span class='ocrx_word' id='word_1_158' title='bbox 748 1202 841 1255; x_wconf 90' lang='lat' dir='ltr'>superior</span> <span class='ocrx_word' id='word_1_159' title='bbox 848 1203 905 1243; x_wconf 80' lang='lat' dir='ltr'>Chri-</span> 
     </span>
     <span class='ocr_line' id='line_1_19' title="bbox 14 1260 905 1313; baseline 0 -14"><span class='ocrx_word' id='word_1_160' title='bbox 14 1265 16 1268; x_wconf 86' lang='lat'>&#39;</span> <span class='ocrx_word' id='word_1_161' title='bbox 60 1264 109 1309; x_wconf 88' lang='lat' dir='ltr'>stus,</span> <span class='ocrx_word' id='word_1_162' title='bbox 124 1260 143 1300; x_wconf 91' lang='lat' dir='ltr'>vi</span> <span class='ocrx_word' id='word_1_163' title='bbox 158 1273 194 1300; x_wconf 91' lang='lat' dir='ltr'>sua</span> <span class='ocrx_word' id='word_1_164' title='bbox 208 1262 293 1301; x_wconf 92' lang='lat' dir='ltr'>formam</span> <span class='ocrx_word' id='word_1_165' title='bbox 308 1261 389 1313; x_wconf 90' lang='lat' dir='ltr'>quidem</span> <span class='ocrx_word' id='word_1_166' title='bbox 404 1261 423 1300; x_wconf 91' lang='lat' dir='ltr'>ei</span> <span class='ocrx_word' id='word_1_167' title='bbox 437 1261 519 1309; x_wconf 90' lang='lat' dir='ltr'>indidit,</span> <span class='ocrx_word' id='word_1_168' title='bbox 539 1262 575 1301; x_wconf 93' lang='lat' dir='ltr'>sed</span> <span class='ocrx_word' id='word_1_169' title='bbox 590 1261 701 1301; x_wconf 90' lang='lat' dir='ltr'>secuudum</span> <span class='ocrx_word' id='word_1_170' title='bbox 716 1260 848 1300; x_wconf 83' lang='lat' dir='ltr'>substantiam</span> <span class='ocrx_word' id='word_1_171' title='bbox 861 1265 905 1299; x_wconf 90' lang='lat' dir='ltr'>tan-</span> 
     </span>
     <span class='ocr_line' id='line_1_20' title="bbox 61 1317 907 1371; baseline 0 -15"><span class='ocrx_word' id='word_1_172' title='bbox 61 1322 112 1364; x_wconf 89' lang='lat' dir='ltr'>tmn,</span> <span class='ocrx_word' id='word_1_173' title='bbox 132 1330 173 1357; x_wconf 92' lang='lat' dir='ltr'>non</span> <span class='ocrx_word' id='word_1_174' title='bbox 193 1319 304 1358; x_wconf 88' lang='lat' dir='ltr'>secundum</span> <span class='ocrx_word' id='word_1_175' title='bbox 322 1317 437 1358; x_wconf 88' lang='lat' dir='ltr'>scientiam:</span> <span class='ocrx_word' id='word_1_176' title='bbox 456 1318 564 1371; x_wconf 88' lang='lat' dir='ltr'>statimque</span> <span class='ocrx_word' id='word_1_177' title='bbox 583 1318 684 1358; x_wconf 88' lang='lat' dir='ltr'>subtracta</span> <span class='ocrx_word' id='word_1_178' title='bbox 702 1317 775 1357; x_wconf 89' lang='lat' dir='ltr'>virtute</span> <span class='ocrx_word' id='word_1_179' title='bbox 794 1317 819 1357; x_wconf 87' lang='lat' dir='ltr'>ad</span> <span class='ocrx_word' id='word_1_180' title='bbox 834 1329 907 1369; x_wconf 91' lang='lat' dir='ltr'>supera</span> 
     </span>
     <span class='ocr_line' id='line_1_21' title="bbox 60 1374 906 1426; baseline 0 -13"><span class='ocrx_word' id='word_1_181' title='bbox 60 1374 166 1423; x_wconf 83' lang='lat' dir='ltr'>recedens,</span> <span class='ocrx_word' id='word_1_182' title='bbox 187 1375 289 1416; x_wconf 85' lang='lat' dir='ltr'>infelicem</span> <span class='ocrx_word' id='word_1_183' title='bbox 310 1374 408 1423; x_wconf 90' lang='lat' dir='ltr'>deseruit,</span> <span class='ocrx_word' id='word_1_184' title='bbox 431 1375 527 1415; x_wconf 92' lang='lat' dir='ltr'>nonnullo</span> <span class='ocrx_word' id='word_1_185' title='bbox 548 1380 615 1415; x_wconf 86' lang='lat' dir='ltr'>tamen</span> <span class='ocrx_word' id='word_1_186' title='bbox 634 1374 830 1426; x_wconf 84' lang='lat' dir='ltr'>incorruptibilitatis</span> <span class='ocrx_word' id='word_1_187' title='bbox 845 1375 906 1413; x_wconf 89' lang='lat' dir='ltr'>odore</span> 
     </span>
     <span class='ocr_line' id='line_1_22' title="bbox 60 1430 906 1485; baseline 0.001 -15"><span class='ocrx_word' id='word_1_188' title='bbox 60 1432 168 1483; x_wconf 87' lang='lat' dir='ltr'>perfusam.</span> <span class='ocrx_word' id='word_1_189' title='bbox 197 1432 226 1472; x_wconf 86' lang='lat' dir='ltr'>Ea</span> <span class='ocrx_word' id='word_1_190' title='bbox 240 1445 287 1472; x_wconf 89' lang='lat' dir='ltr'>vero</span> <span class='ocrx_word' id='word_1_191' title='bbox 302 1432 342 1471; x_wconf 89' lang='lat' dir='ltr'>iam</span> <span class='ocrx_word' id='word_1_192' title='bbox 357 1433 441 1472; x_wconf 89' lang='lat' dir='ltr'>formata</span> <span class='ocrx_word' id='word_1_193' title='bbox 456 1445 479 1472; x_wconf 88' lang='lat' dir='ltr'>ac</span> <span class='ocrx_word' id='word_1_194' title='bbox 493 1433 566 1472; x_wconf 90' lang='lat' dir='ltr'>mentis</span> <span class='ocrx_word' id='word_1_195' title='bbox 582 1444 664 1485; x_wconf 90' lang='lat' dir='ltr'>compos</span> <span class='ocrx_word' id='word_1_196' title='bbox 680 1433 761 1478; x_wconf 84' lang='lat' dir='ltr'>effecta,</span> <span class='ocrx_word' id='word_1_197' title='bbox 782 1430 855 1470; x_wconf 90' lang='lat' dir='ltr'>acriori</span> <span class='ocrx_word' id='word_1_198' title='bbox 870 1431 906 1471; x_wconf 91' lang='lat' dir='ltr'>de-</span> 
     </span>
     <span class='ocr_line' id='line_1_23' title="bbox 61 1487 906 1541; baseline 0.001 -15"><span class='ocrx_word' id='word_1_199' title='bbox 61 1487 135 1528; x_wconf 89' lang='lat' dir='ltr'>siderio</span> <span class='ocrx_word' id='word_1_200' title='bbox 151 1489 267 1540; x_wconf 88' lang='lat' dir='ltr'>exquirendi</span> <span class='ocrx_word' id='word_1_201' title='bbox 282 1488 374 1538; x_wconf 88' lang='lat' dir='ltr'>luminis,</span> <span class='ocrx_word' id='word_1_202' title='bbox 391 1489 444 1541; x_wconf 89' lang='lat' dir='ltr'>quod</span> <span class='ocrx_word' id='word_1_203' title='bbox 459 1502 503 1529; x_wconf 90' lang='lat' dir='ltr'>eam</span> <span class='ocrx_word' id='word_1_204' title='bbox 518 1490 627 1537; x_wconf 88' lang='lat' dir='ltr'>defecerat,</span> <span class='ocrx_word' id='word_1_205' title='bbox 642 1488 763 1529; x_wconf 89' lang='lat' dir='ltr'>incenditur.</span> <span class='ocrx_word' id='word_1_206' title='bbox 798 1488 838 1527; x_wconf 87' lang='lat' dir='ltr'>Sed</span> <span class='ocrx_word' id='word_1_207' title='bbox 852 1500 906 1536; x_wconf 84' lang='lat' dir='ltr'>ecce,</span> 
     </span>
     <span class='ocr_line' id='line_1_24' title="bbox 62 1544 906 1598; baseline 0 -15"><span class='ocrx_word' id='word_1_208' title='bbox 62 1545 164 1585; x_wconf 78' lang='lat' dir='ltr'>festinanti</span> <span class='ocrx_word' id='word_1_209' title='bbox 178 1546 306 1598; x_wconf 90' lang='lat' dir='ltr'>importunus</span> <span class='ocrx_word' id='word_1_210' title='bbox 318 1546 425 1586; x_wconf 90' lang='lat' dir='ltr'>intercedit</span> <span class='ocrx_word' id='word_1_211' title='bbox 439 1546 511 1594; x_wconf 86' lang='lat' dir='ltr'>Herus,</span> <span class='ocrx_word' id='word_1_212' title='bbox 526 1547 694 1597; x_wconf 87' lang='lat' dir='ltr'>temerariumque</span> <span class='ocrx_word' id='word_1_213' title='bbox 710 1549 790 1585; x_wconf 89' lang='lat' dir='ltr'>coercet</span> <span class='ocrx_word' id='word_1_214' title='bbox 803 1544 906 1597; x_wconf 91' lang='lat' dir='ltr'>impetum.</span> 
     </span>
     <span class='ocr_line' id='line_1_25' title="bbox 62 1601 906 1656; baseline 0.001 -16"><span class='ocrx_word' id='word_1_215' title='bbox 62 1601 112 1641; x_wconf 89' lang='lat' dir='ltr'>Hinc</span> <span class='ocrx_word' id='word_1_216' title='bbox 131 1602 219 1642; x_wconf 87' lang='lat' dir='ltr'>animum</span> <span class='ocrx_word' id='word_1_217' title='bbox 237 1603 349 1656; x_wconf 89' lang='lat' dir='ltr'>despondet</span> <span class='ocrx_word' id='word_1_218' title='bbox 367 1603 411 1648; x_wconf 87' lang='lat' dir='ltr'>illa,</span> <span class='ocrx_word' id='word_1_219' title='bbox 431 1604 525 1655; x_wconf 90' lang='lat' dir='ltr'>omnique</span> <span class='ocrx_word' id='word_1_220' title='bbox 539 1602 686 1655; x_wconf 79' lang='lat' dir='ltr'>perturbationis</span> <span class='ocrx_word' id='word_1_221' title='bbox 702 1601 769 1653; x_wconf 86' lang='lat' dir='ltr'>generi</span> <span class='ocrx_word' id='word_1_222' title='bbox 784 1602 906 1641; x_wconf 86' lang='lat' dir='ltr'>succumbit:</span> 
     </span>
     <span class='ocr_line' id='line_1_26' title="bbox 62 1658 907 1713; baseline 0 -15"><span class='ocrx_word' id='word_1_223' title='bbox 62 1659 149 1698; x_wconf 90' lang='lat' dir='ltr'>moerori</span> <span class='ocrx_word' id='word_1_224' title='bbox 165 1659 251 1711; x_wconf 85' lang='lat' dir='ltr'>quidem.</span> <span class='ocrx_word' id='word_1_225' title='bbox 268 1660 321 1712; x_wconf 90' lang='lat' dir='ltr'>quod</span> <span class='ocrx_word' id='word_1_226' title='bbox 335 1659 387 1700; x_wconf 88' lang='lat' dir='ltr'>votis</span> <span class='ocrx_word' id='word_1_227' title='bbox 402 1660 508 1709; x_wconf 81' lang='lat' dir='ltr'>frustrata3</span> <span class='ocrx_word' id='word_1_228' title='bbox 523 1660 591 1708; x_wconf 91' lang='lat' dir='ltr'>metui,</span> <span class='ocrx_word' id='word_1_229' title='bbox 607 1674 632 1701; x_wconf 94' lang='lat' dir='ltr'>ne</span> <span class='ocrx_word' id='word_1_230' title='bbox 648 1658 816 1713; x_wconf 88' lang='lat' dir='ltr'>quemadmodum</span> <span class='ocrx_word' id='word_1_231' title='bbox 824 1658 863 1707; x_wconf 83' lang='lat' dir='ltr'>lux,</span> <span class='ocrx_word' id='word_1_232' title='bbox 879 1659 907 1698; x_wconf 89' lang='lat' dir='ltr'>ita</span> 
     </span>
     <span class='ocr_line' id='line_1_27' title="bbox 63 1715 908 1769; baseline 0 -15"><span class='ocrx_word' id='word_1_233' title='bbox 63 1720 82 1755; x_wconf 89' lang='lat' dir='ltr'>et</span> <span class='ocrx_word' id='word_1_234' title='bbox 95 1716 136 1755; x_wconf 90' lang='lat' dir='ltr'>vita</span> <span class='ocrx_word' id='word_1_235' title='bbox 151 1729 194 1756; x_wconf 90' lang='lat' dir='ltr'>eam</span> <span class='ocrx_word' id='word_1_236' title='bbox 209 1717 313 1766; x_wconf 59' lang='lat' dir='ltr'>deficerem</span> <span class='ocrx_word' id='word_1_237' title='bbox 336 1717 397 1756; x_wconf 89' lang='lat' dir='ltr'>animi</span> <span class='ocrx_word' id='word_1_238' title='bbox 418 1717 505 1769; x_wconf 75' lang='lat' dir='ltr'>(lenique</span> <span class='ocrx_word' id='word_1_239' title='bbox 523 1717 617 1757; x_wconf 76' lang='lat' dir='ltr'>anxietati</span> <span class='ocrx_word' id='word_1_240' title='bbox 636 1729 659 1757; x_wconf 88' lang='lat' dir='ltr'>ac</span> <span class='ocrx_word' id='word_1_241' title='bbox 673 1715 772 1763; x_wconf 86' lang='lat' dir='ltr'>lacrimis;</span> <span class='ocrx_word' id='word_1_242' title='bbox 794 1728 865 1768; x_wconf 87' lang='lat' dir='ltr'>parum</span> <span class='ocrx_word' id='word_1_243' title='bbox 879 1716 908 1764; x_wconf 83' lang='lat' dir='ltr'>id,</span> 
     </span>
     <span class='ocr_line' id='line_1_28' title="bbox 62 1772 906 1827; baseline 0.001 -16"><span class='ocrx_word' id='word_1_244' title='bbox 62 1772 101 1812; x_wconf 89' lang='lat' dir='ltr'>nisi</span> <span class='ocrx_word' id='word_1_245' title='bbox 116 1774 181 1813; x_wconf 93' lang='lat' dir='ltr'>omnis</span> <span class='ocrx_word' id='word_1_246' title='bbox 195 1787 262 1814; x_wconf 90' lang='lat' dir='ltr'>rerum</span> <span class='ocrx_word' id='word_1_247' title='bbox 277 1774 375 1825; x_wconf 83' lang='lat' dir='ltr'>ignoratio</span> <span class='ocrx_word' id='word_1_248' title='bbox 390 1779 421 1814; x_wconf 92' lang='lat' dir='ltr'>tot</span> <span class='ocrx_word' id='word_1_249' title='bbox 434 1774 618 1827; x_wconf 89' lang='lat' dir='ltr'>perturbationibus</span> <span class='ocrx_word' id='word_1_250' title='bbox 632 1773 701 1822; x_wconf 86' lang='lat' dir='ltr'>mista,</span> <span class='ocrx_word' id='word_1_251' title='bbox 717 1773 797 1825; x_wconf 92' lang='lat' dir='ltr'>pondus</span> <span class='ocrx_word' id='word_1_252' title='bbox 812 1773 906 1812; x_wconf 81' lang='lat' dir='ltr'>auxisset.</span> 
     </span>
     <span class='ocr_line' id='line_1_29' title="bbox 62 1829 907 1884; baseline 0 -15"><span class='ocrx_word' id='word_1_253' title='bbox 62 1829 163 1869; x_wconf 90' lang='lat' dir='ltr'>Interdum</span> <span class='ocrx_word' id='word_1_254' title='bbox 177 1835 251 1880; x_wconf 88' lang='lat' dir='ltr'>tamen,</span> <span class='ocrx_word' id='word_1_255' title='bbox 267 1831 357 1883; x_wconf 89' lang='lat' dir='ltr'>priorum</span> <span class='ocrx_word' id='word_1_256' title='bbox 372 1831 440 1879; x_wconf 86' lang='lat' dir='ltr'>oblita,</span> <span class='ocrx_word' id='word_1_257' title='bbox 455 1831 585 1884; x_wconf 79' lang='lat' dir='ltr'>luminisque,</span> <span class='ocrx_word' id='word_1_258' title='bbox 601 1830 654 1884; x_wconf 90' lang='lat' dir='ltr'>quod</span> <span class='ocrx_word' id='word_1_259' title='bbox 670 1843 714 1870; x_wconf 91' lang='lat' dir='ltr'>eam</span> <span class='ocrx_word' id='word_1_260' title='bbox 725 1830 847 1878; x_wconf 86' lang='lat' dir='ltr'>deseruerat,</span> <span class='ocrx_word' id='word_1_261' title='bbox 862 1830 907 1882; x_wconf 91' lang='lat' dir='ltr'>pul-</span> 
     </span>
     <span class='ocr_line' id='line_1_30' title="bbox 63 1887 907 1936; baseline 0 -11"><span class='ocrx_word' id='word_1_262' title='bbox 63 1887 195 1927; x_wconf 86' lang='lat' dir='ltr'>chritudinem</span> <span class='ocrx_word' id='word_1_263' title='bbox 209 1893 276 1928; x_wconf 92' lang='lat' dir='ltr'>mente</span> <span class='ocrx_word' id='word_1_264' title='bbox 289 1888 399 1936; x_wconf 87' lang='lat' dir='ltr'>revolvens,</span> <span class='ocrx_word' id='word_1_265' title='bbox 413 1888 490 1928; x_wconf 89' lang='lat' dir='ltr'>laetitia</span> <span class='ocrx_word' id='word_1_266' title='bbox 505 1889 654 1928; x_wconf 88' lang='lat' dir='ltr'>diffundebatur</span> <span class='ocrx_word' id='word_1_267' title='bbox 669 1900 692 1927; x_wconf 88' lang='lat' dir='ltr'>ac</span> <span class='ocrx_word' id='word_1_268' title='bbox 700 1887 785 1926; x_wconf 90' lang='lat' dir='ltr'>ridebat.</span> <span class='ocrx_word' id='word_1_269' title='bbox 815 1887 855 1927; x_wconf 91' lang='lat' dir='ltr'>Sed</span> <span class='ocrx_word' id='word_1_270' title='bbox 864 1899 907 1926; x_wconf 90' lang='lat' dir='ltr'>mo-</span> 
     </span>
     <span class='ocr_line' id='line_1_31' title="bbox 62 1944 907 1998; baseline 0 -16"><span class='ocrx_word' id='word_1_271' title='bbox 62 1949 180 1984; x_wconf 91' lang='lat' dir='ltr'>mentaneus</span> <span class='ocrx_word' id='word_1_272' title='bbox 201 1945 264 1994; x_wconf 89' lang='lat' dir='ltr'>risus,</span> <span class='ocrx_word' id='word_1_273' title='bbox 287 1957 345 1996; x_wconf 91' lang='lat' dir='ltr'>quem</span> <span class='ocrx_word' id='word_1_274' title='bbox 364 1945 404 1984; x_wconf 88' lang='lat' dir='ltr'>cito</span> <span class='ocrx_word' id='word_1_275' title='bbox 424 1945 527 1998; x_wconf 89' lang='lat' dir='ltr'>excipiunt</span> <span class='ocrx_word' id='word_1_276' title='bbox 544 1944 706 1998; x_wconf 85' lang='lat' dir='ltr'>perturbationes</span> <span class='ocrx_word' id='word_1_277' title='bbox 727 1948 841 1983; x_wconf 86' lang='lat' dir='ltr'>consuetae.</span> <span class='ocrx_word' id='word_1_278' title='bbox 870 1944 907 1983; x_wconf 89' lang='lat' dir='ltr'>His</span> 
     </span>
     <span class='ocr_line' id='line_1_32' title="bbox 63 2000 908 2054; baseline 0.002 -15"><span class='ocrx_word' id='word_1_279' title='bbox 63 2000 102 2040; x_wconf 90' lang='lat' dir='ltr'>sibi</span> <span class='ocrx_word' id='word_1_280' title='bbox 115 2013 153 2053; x_wconf 85' lang='lat' dir='ltr'>per</span> <span class='ocrx_word' id='word_1_281' title='bbox 166 2001 221 2042; x_wconf 89' lang='lat' dir='ltr'>vices</span> <span class='ocrx_word' id='word_1_282' title='bbox 236 2001 391 2042; x_wconf 89' lang='lat' dir='ltr'>succedentibus</span> <span class='ocrx_word' id='word_1_283' title='bbox 400 2001 480 2051; x_wconf 86' lang='lat' dir='ltr'>iactata,</span> <span class='ocrx_word' id='word_1_284' title='bbox 495 2003 577 2042; x_wconf 85' lang='lat' dir='ltr'>tandem</span> <span class='ocrx_word' id='word_1_285' title='bbox 585 2015 607 2042; x_wconf 90' lang='lat' dir='ltr'>se</span> <span class='ocrx_word' id='word_1_286' title='bbox 617 2002 681 2054; x_wconf 88' lang='lat' dir='ltr'>ipsam</span> <span class='ocrx_word' id='word_1_287' title='bbox 690 2000 793 2052; x_wconf 81' lang='lat' dir='ltr'>colligens,</span> <span class='ocrx_word' id='word_1_288' title='bbox 809 2001 908 2041; x_wconf 89' lang='lat' dir='ltr'>adlumen</span> 
     </span>
     <span class='ocr_line' id='line_1_33' title="bbox 64 2057 907 2110; baseline 0.001 -14"><span class='ocrx_word' id='word_1_289' title='bbox 64 2057 116 2109; x_wconf 89' lang='lat' dir='ltr'>quod</span> <span class='ocrx_word' id='word_1_290' title='bbox 131 2058 171 2097; x_wconf 91' lang='grc'><strong>11111</strong></span> <span class='ocrx_word' id='word_1_291' title='bbox 186 2059 311 2105; x_wconf 89' lang='lat' dir='ltr'>delibaverat,</span> <span class='ocrx_word' id='word_1_292' title='bbox 326 2059 365 2098; x_wconf 90' lang='lat' dir='ltr'>hoc</span> <span class='ocrx_word' id='word_1_293' title='bbox 380 2064 416 2107; x_wconf 90' lang='lat' dir='ltr'>cst,</span> <span class='ocrx_word' id='word_1_294' title='bbox 432 2060 457 2099; x_wconf 92' lang='lat' dir='ltr'>ad</span> <span class='ocrx_word' id='word_1_295' title='bbox 466 2060 567 2100; x_wconf 84' lang='lat' dir='ltr'>Christum</span> <span class='ocrx_word' id='word_1_296' title='bbox 574 2060 685 2110; x_wconf 84' lang='lat' dir='ltr'>rogairdum</span> <span class='ocrx_word' id='word_1_297' title='bbox 693 2058 821 2098; x_wconf 91' lang='lat' dir='ltr'>convertitur.</span> <span class='ocrx_word' id='word_1_298' title='bbox 843 2057 907 2105; x_wconf 77' lang='lat' dir='ltr'>Quor-</span> 
     </span>
     <span class='ocr_line' id='line_1_34' title="bbox 64 2115 907 2168; baseline 0.001 -15"><span class='ocrx_word' id='word_1_299' title='bbox 64 2126 113 2162; x_wconf 93' lang='lat' dir='ltr'>sum,</span> <span class='ocrx_word' id='word_1_300' title='bbox 129 2115 207 2167; x_wconf 84' lang='lat' dir='ltr'>inquis,</span> <span class='ocrx_word' id='word_1_301' title='bbox 222 2122 253 2156; x_wconf 89' lang='lat' dir='ltr'>tot</span> <span class='ocrx_word' id='word_1_302' title='bbox 267 2116 440 2168; x_wconf 88' lang='lat' dir='ltr'>perturbationum</span> <span class='ocrx_word' id='word_1_303' title='bbox 453 2117 547 2156; x_wconf 87' lang='lat' dir='ltr'>fluctibus</span> <span class='ocrx_word' id='word_1_304' title='bbox 563 2115 683 2164; x_wconf 88' lang='lat' dir='ltr'>aestuantis,</span> <span class='ocrx_word' id='word_1_305' title='bbox 703 2128 741 2155; x_wconf 91' lang='lat' dir='ltr'>nec</span> <span class='ocrx_word' id='word_1_306' title='bbox 756 2115 860 2167; x_wconf 82' lang='lat' dir='ltr'>quiescere</span> <span class='ocrx_word' id='word_1_307' title='bbox 874 2127 907 2154; x_wconf 85' lang='lat' dir='ltr'>va-</span> 
     </span>
     <span class='ocr_line' id='line_1_35' title="bbox 63 2171 907 2223; baseline 0.001 -13"><span class='ocrx_word' id='word_1_308' title='bbox 63 2171 123 2211; x_wconf 86' lang='lat' dir='ltr'>lentis</span> <span class='ocrx_word' id='word_1_309' title='bbox 135 2172 196 2212; x_wconf 89' lang='lat' dir='ltr'>animi</span> <span class='ocrx_word' id='word_1_310' title='bbox 203 2171 284 2213; x_wconf 74' lang='lat' dir='ltr'>motus‘?</span> <span class='ocrx_word' id='word_1_311' title='bbox 313 2173 356 2213; x_wconf 90' lang='lat' dir='ltr'>Hoc</span> <span class='ocrx_word' id='word_1_312' title='bbox 370 2173 449 2213; x_wconf 88' lang='lat' dir='ltr'>fabulae</span> <span class='ocrx_word' id='word_1_313' title='bbox 459 2173 567 2213; x_wconf 87' lang='lat' dir='ltr'>exordium.</span> <span class='ocrx_word' id='word_1_314' title='bbox 597 2173 649 2213; x_wconf 89' lang='lat' dir='ltr'>Hinc</span> <span class='ocrx_word' id='word_1_315' title='bbox 657 2172 710 2212; x_wconf 88' lang='lat' dir='ltr'>euim</span> <span class='ocrx_word' id='word_1_316' title='bbox 719 2172 821 2219; x_wconf 86' lang='lat' dir='ltr'>materiae,</span> <span class='ocrx_word' id='word_1_317' title='bbox 837 2183 861 2210; x_wconf 90' lang='lat' dir='ltr'>ex</span> <span class='ocrx_word' id='word_1_318' title='bbox 869 2184 907 2223; x_wconf 71' lang='lat' dir='ltr'>(qua</span> 
     </span>
     <span class='ocr_line' id='line_1_36' title="bbox 64 2228 906 2283; baseline 0.001 -17"><span class='ocrx_word' id='word_1_319' title='bbox 64 2229 149 2268; x_wconf 92' lang='lat' dir='ltr'>mundus</span> <span class='ocrx_word' id='word_1_320' title='bbox 163 2230 197 2269; x_wconf 92' lang='lat' dir='ltr'>bic</span> <span class='ocrx_word' id='word_1_321' title='bbox 212 2231 309 2270; x_wconf 84' lang='lat' dir='ltr'>conflatus</span> <span class='ocrx_word' id='word_1_322' title='bbox 325 2234 361 2278; x_wconf 87' lang='lat' dir='ltr'>est,</span> <span class='ocrx_word' id='word_1_323' title='bbox 377 2230 488 2270; x_wconf 89' lang='lat' dir='ltr'>substantia</span> <span class='ocrx_word' id='word_1_324' title='bbox 504 2235 570 2270; x_wconf 91' lang='lat' dir='ltr'>ortum</span> <span class='ocrx_word' id='word_1_325' title='bbox 585 2230 645 2283; x_wconf 89' lang='lat' dir='ltr'>cepit.</span> <span class='ocrx_word' id='word_1_326' title='bbox 674 2230 724 2270; x_wconf 84' lang='lat' dir='ltr'>Nam</span> <span class='ocrx_word' id='word_1_327' title='bbox 739 2242 762 2268; x_wconf 88' lang='lat' dir='ltr'>ex</span> <span class='ocrx_word' id='word_1_328' title='bbox 770 2228 906 2275; x_wconf 86' lang='lat' dir='ltr'>conversione,</span> 
     </span>
     <span class='ocr_line' id='line_1_37' title="bbox 64 2284 907 2338; baseline 0 -14"><span class='ocrx_word' id='word_1_329' title='bbox 64 2291 83 2324; x_wconf 93' lang='lat' dir='ltr'>et</span> <span class='ocrx_word' id='word_1_330' title='bbox 97 2286 166 2326; x_wconf 82' lang='lat' dir='ltr'>mundi</span> <span class='ocrx_word' id='word_1_331' title='bbox 182 2292 201 2326; x_wconf 89' lang='lat' dir='ltr'>et</span> <span class='ocrx_word' id='word_1_332' title='bbox 215 2286 326 2338; x_wconf 82' lang='lat' dir='ltr'>Demiurgi,</span> <span class='ocrx_word' id='word_1_333' title='bbox 346 2300 414 2328; x_wconf 89' lang='lat' dir='ltr'>rerum</span> <span class='ocrx_word' id='word_1_334' title='bbox 433 2288 553 2336; x_wconf 84' lang='lat' dir='ltr'>conditoris,</span> <span class='ocrx_word' id='word_1_335' title='bbox 574 2292 594 2328; x_wconf 89' lang='lat' dir='ltr'>et</span> <span class='ocrx_word' id='word_1_336' title='bbox 608 2286 694 2338; x_wconf 85' lang='lat' dir='ltr'>demque</span> <span class='ocrx_word' id='word_1_337' title='bbox 709 2284 774 2323; x_wconf 79' lang='lat' dir='ltr'>oirrnis</span> <span class='ocrx_word' id='word_1_338' title='bbox 789 2284 827 2324; x_wconf 89' lang='lat' dir='ltr'>alia</span> <span class='ocrx_word' id='word_1_339' title='bbox 842 2285 907 2324; x_wconf 87' lang='lat' dir='ltr'>anima</span> 
     </span>
     <span class='ocr_line' id='line_1_38' title="bbox 64 2341 906 2393; baseline 0.001 -13"><span class='ocrx_word' id='word_1_340' title='bbox 64 2342 161 2393; x_wconf 86' lang='lat' dir='ltr'>originem</span> <span class='ocrx_word' id='word_1_341' title='bbox 176 2344 258 2393; x_wconf 79' lang='lat' dir='ltr'>sumsit3</span> <span class='ocrx_word' id='word_1_342' title='bbox 274 2357 298 2384; x_wconf 88' lang='lat' dir='ltr'>ex</span> <span class='ocrx_word' id='word_1_343' title='bbox 311 2349 366 2384; x_wconf 87' lang='lat' dir='ltr'>metu</span> <span class='ocrx_word' id='word_1_344' title='bbox 381 2349 447 2384; x_wconf 89' lang='lat' dir='ltr'>autem</span> <span class='ocrx_word' id='word_1_345' title='bbox 463 2350 483 2385; x_wconf 93' lang='lat' dir='ltr'>et</span> <span class='ocrx_word' id='word_1_346' title='bbox 496 2357 594 2393; x_wconf 88' lang='lat' dir='ltr'>moerore,</span> <span class='ocrx_word' id='word_1_347' title='bbox 609 2344 686 2393; x_wconf 85' lang='lat' dir='ltr'>reliqua</span> <span class='ocrx_word' id='word_1_348' title='bbox 702 2341 774 2381; x_wconf 86' lang='grc'><strong>11111111.</strong></span> <span class='ocrx_word' id='word_1_349' title='bbox 803 2342 832 2381; x_wconf 86' lang='lat' dir='ltr'>Ex</span> <span class='ocrx_word' id='word_1_350' title='bbox 841 2341 906 2393; x_wconf 91' lang='lat' dir='ltr'>ipsius</span> 
     </span>
     <span class='ocr_line' id='line_1_39' title="bbox 64 2397 905 2452; baseline 0.001 -15"><span class='ocrx_word' id='word_1_351' title='bbox 64 2398 163 2451; x_wconf 91' lang='lat' dir='ltr'>siquidem</span> <span class='ocrx_word' id='word_1_352' title='bbox 177 2400 265 2441; x_wconf 84' lang='lat' dir='ltr'>lacrimis</span> <span class='ocrx_word' id='word_1_353' title='bbox 280 2400 357 2452; x_wconf 87' lang='lat' dir='ltr'>liquida</span> <span class='ocrx_word' id='word_1_354' title='bbox 372 2401 437 2441; x_wconf 91' lang='lat' dir='ltr'>omnis</span> <span class='ocrx_word' id='word_1_355' title='bbox 452 2402 564 2441; x_wconf 88' lang='lat' dir='ltr'>substantia</span> <span class='ocrx_word' id='word_1_356' title='bbox 579 2401 657 2441; x_wconf 87' lang='lat' dir='ltr'>initium</span> <span class='ocrx_word' id='word_1_357' title='bbox 671 2398 750 2445; x_wconf 88' lang='lat' dir='ltr'>babuit,</span> <span class='ocrx_word' id='word_1_358' title='bbox 771 2410 794 2436; x_wconf 91' lang='grc'>11</span> <span class='ocrx_word' id='word_1_359' title='bbox 813 2397 857 2437; x_wconf 92' lang='lat' dir='ltr'>risu</span> <span class='ocrx_word' id='word_1_360' title='bbox 874 2398 905 2438; x_wconf 93' lang='grc'>11-</span> 
     </span>
     <span class='ocr_line' id='line_1_40' title="bbox 65 2454 906 2510; baseline 0.001 -16"><span class='ocrx_word' id='word_1_361' title='bbox 65 2455 118 2505; x_wconf 80' lang='grc'><strong>11111;</strong></span> <span class='ocrx_word' id='word_1_362' title='bbox 134 2469 158 2496; x_wconf 87' lang='grc'>11</span> <span class='ocrx_word' id='word_1_363' title='bbox 172 2470 264 2498; x_wconf 89' lang='lat' dir='ltr'>moerore</span> <span class='ocrx_word' id='word_1_364' title='bbox 279 2458 360 2497; x_wconf 92' lang='lat' dir='ltr'>tandem</span> <span class='ocrx_word' id='word_1_365' title='bbox 376 2462 396 2497; x_wconf 87' lang='lat' dir='ltr'>et</span> <span class='ocrx_word' id='word_1_366' title='bbox 410 2464 492 2510; x_wconf 91' lang='lat' dir='ltr'>stupore</span> <span class='ocrx_word' id='word_1_367' title='bbox 507 2469 603 2510; x_wconf 89' lang='lat' dir='ltr'>corporea</span> <span class='ocrx_word' id='word_1_368' title='bbox 617 2454 686 2494; x_wconf 90' lang='lat' dir='ltr'>mundi</span> <span class='ocrx_word' id='word_1_369' title='bbox 696 2454 800 2494; x_wconf 89' lang='lat' dir='ltr'>elementa.</span> <span class='ocrx_word' id='word_1_370' title='bbox 829 2454 906 2507; x_wconf 82' lang='lat' dir='ltr'>Nentpe</span> 
     </span>
     <span class='ocr_line' id='line_1_41' title="bbox 65 2510 905 2566; baseline 0 -14"><span class='ocrx_word' id='word_1_371' title='bbox 65 2524 125 2564; x_wconf 91' lang='lat' dir='ltr'>quum</span> <span class='ocrx_word' id='word_1_372' title='bbox 139 2514 250 2553; x_wconf 81' lang='lat' dir='ltr'>Achamoth</span> <span class='ocrx_word' id='word_1_373' title='bbox 270 2514 355 2566; x_wconf 78' lang='lat' dir='ltr'>supplex</span> <span class='ocrx_word' id='word_1_374' title='bbox 373 2515 397 2554; x_wconf 93' lang='lat' dir='ltr'>ad</span> <span class='ocrx_word' id='word_1_375' title='bbox 413 2515 513 2555; x_wconf 82' lang='lat' dir='ltr'>Christum</span> <span class='ocrx_word' id='word_1_376' title='bbox 529 2527 549 2554; x_wconf 86' lang='lat' dir='ltr'>se</span> <span class='ocrx_word' id='word_1_377' title='bbox 565 2511 706 2558; x_wconf 87' lang='lat' dir='ltr'>convertisset,</span> <span class='ocrx_word' id='word_1_378' title='bbox 725 2510 759 2550; x_wconf 92' lang='lat' dir='ltr'>hic</span> <span class='ocrx_word' id='word_1_379' title='bbox 773 2511 905 2561; x_wconf 87' lang='lat' dir='ltr'>Paracletum,</span> 
     </span>
     <span class='ocr_line' id='line_1_42' title="bbox 64 2567 906 2619; baseline 0.002 -11"><span class='ocrx_word' id='word_1_380' title='bbox 64 2568 83 2608; x_wconf 94' lang='lat' dir='ltr'>h.</span> <span class='ocrx_word' id='word_1_381' title='bbox 99 2584 116 2610; x_wconf 92' lang='lat' dir='ltr'>e.</span> <span class='ocrx_word' id='word_1_382' title='bbox 125 2571 247 2611; x_wconf 85' lang='lat' dir='ltr'>Salvatorem</span> <span class='ocrx_word' id='word_1_383' title='bbox 262 2572 287 2611; x_wconf 90' lang='lat' dir='ltr'>ad</span> <span class='ocrx_word' id='word_1_384' title='bbox 302 2583 345 2610; x_wconf 92' lang='lat' dir='ltr'>eam</span> <span class='ocrx_word' id='word_1_385' title='bbox 359 2571 420 2619; x_wconf 89' lang='lat' dir='ltr'>misit,</span> <span class='ocrx_word' id='word_1_386' title='bbox 436 2568 554 2611; x_wconf 83' lang='lat' dir='ltr'>satellitibus</span> <span class='ocrx_word' id='word_1_387' title='bbox 566 2568 642 2619; x_wconf 75' lang='lat' dir='ltr'>axrrgelis</span> <span class='ocrx_word' id='word_1_388' title='bbox 651 2567 751 2618; x_wconf 90' lang='lat' dir='ltr'>stipatum,</span> <span class='ocrx_word' id='word_1_389' title='bbox 768 2567 802 2619; x_wconf 91' lang='lat' dir='ltr'>qui</span> <span class='ocrx_word' id='word_1_390' title='bbox 810 2568 906 2610; x_wconf 85' lang='lat' dir='ltr'>scientiae</span> 
     </span>
     <span class='ocr_line' id='line_1_43' title="bbox 64 2624 904 2680; baseline 0.004 -16"><span class='ocrx_word' id='word_1_391' title='bbox 64 2625 147 2667; x_wconf 87' lang='lat' dir='ltr'>formam</span> <span class='ocrx_word' id='word_1_392' title='bbox 163 2628 181 2667; x_wconf 83' lang='lat' dir='ltr'>ei</span> <span class='ocrx_word' id='word_1_393' title='bbox 195 2628 269 2668; x_wconf 89' lang='lat' dir='ltr'>indidit</span> <span class='ocrx_word' id='word_1_394' title='bbox 283 2633 303 2669; x_wconf 92' lang='lat' dir='ltr'>et</span> <span class='ocrx_word' id='word_1_395' title='bbox 317 2641 328 2668; x_wconf 92' lang='lat' dir='ltr'>a</span> <span class='ocrx_word' id='word_1_396' title='bbox 343 2626 526 2680; x_wconf 88' lang='lat' dir='ltr'>perturbationibus</span> <span class='ocrx_word' id='word_1_397' title='bbox 541 2625 638 2665; x_wconf 89' lang='lat' dir='ltr'>liberavit.</span> <span class='ocrx_word' id='word_1_398' title='bbox 666 2624 708 2664; x_wconf 91' lang='lat' dir='ltr'>Nec</span> <span class='ocrx_word' id='word_1_399' title='bbox 722 2628 789 2665; x_wconf 91' lang='lat' dir='ltr'>tamen</span> <span class='ocrx_word' id='word_1_400' title='bbox 804 2626 841 2666; x_wconf 91' lang='lat' dir='ltr'>has</span> <span class='ocrx_word' id='word_1_401' title='bbox 850 2627 904 2667; x_wconf 88' lang='lat' dir='ltr'>ahea</span> 
     </span>
     <span class='ocr_line' id='line_1_44' title="bbox 64 2681 905 2734; baseline 0.002 -13"><span class='ocrx_word' id='word_1_402' title='bbox 64 2681 90 2722; x_wconf 93' lang='lat' dir='ltr'>ita</span> <span class='ocrx_word' id='word_1_403' title='bbox 106 2685 195 2734; x_wconf 87' lang='lat' dir='ltr'>secrevit,</span> <span class='ocrx_word' id='word_1_404' title='bbox 210 2690 232 2725; x_wconf 92' lang='lat' dir='ltr'>ut</span> <span class='ocrx_word' id='word_1_405' title='bbox 247 2697 314 2725; x_wconf 85' lang='lat' dir='ltr'>curam</span> <span class='ocrx_word' id='word_1_406' title='bbox 329 2698 408 2726; x_wconf 89' lang='lat' dir='ltr'>omnem</span> <span class='ocrx_word' id='word_1_407' title='bbox 422 2696 490 2724; x_wconf 90' lang='lat' dir='ltr'>earum</span> <span class='ocrx_word' id='word_1_408' title='bbox 504 2682 610 2723; x_wconf 82' lang='lat' dir='ltr'>obiiceret:</span> <span class='ocrx_word' id='word_1_409' title='bbox 625 2682 685 2721; x_wconf 92' lang='lat' dir='ltr'>immo</span> <span class='ocrx_word' id='word_1_410' title='bbox 697 2683 842 2731; x_wconf 82' lang='lat' dir='ltr'>secretasfixit,</span> <span class='ocrx_word' id='word_1_411' title='bbox 857 2697 905 2723; x_wconf 91' lang='lat' dir='ltr'>con-</span> 
     </span>
     <span class='ocr_line' id='line_1_45' title="bbox 66 2738 904 2792; baseline 0.004 -15"><span class='ocrx_word' id='word_1_412' title='bbox 66 2738 155 2782; x_wconf 87' lang='lat' dir='ltr'>densavit</span> <span class='ocrx_word' id='word_1_413' title='bbox 170 2748 189 2783; x_wconf 91' lang='lat' dir='ltr'>et</span> <span class='ocrx_word' id='word_1_414' title='bbox 203 2742 224 2782; x_wconf 92' lang='lat' dir='ltr'>in</span> <span class='ocrx_word' id='word_1_415' title='bbox 238 2742 341 2783; x_wconf 87' lang='lat' dir='ltr'>materiam</span> <span class='ocrx_word' id='word_1_416' title='bbox 355 2741 509 2789; x_wconf 84' lang='lat' dir='ltr'>transformavit,</span> <span class='ocrx_word' id='word_1_417' title='bbox 532 2753 555 2779; x_wconf 91' lang='lat' dir='ltr'>ex</span> <span class='ocrx_word' id='word_1_418' title='bbox 571 2753 609 2792; x_wconf 91' lang='lat' dir='ltr'>qua</span> <span class='ocrx_word' id='word_1_419' title='bbox 623 2740 681 2779; x_wconf 86' lang='lat' dir='ltr'>tieret</span> <span class='ocrx_word' id='word_1_420' title='bbox 695 2738 768 2791; x_wconf 86' lang='lat' dir='ltr'>duplex</span> <span class='ocrx_word' id='word_1_421' title='bbox 783 2740 904 2790; x_wconf 76' lang='lat' dir='ltr'>substantia3</span> 
     </span>
     <span class='ocr_line' id='line_1_46' title="bbox 65 2795 904 2852; baseline 0.004 -18"><span class='ocrx_word' id='word_1_422' title='bbox 65 2795 125 2838; x_wconf 88' lang='lat' dir='ltr'>altera</span> <span class='ocrx_word' id='word_1_423' title='bbox 139 2800 197 2848; x_wconf 90' lang='lat' dir='ltr'>mala,</span> <span class='ocrx_word' id='word_1_424' title='bbox 213 2813 263 2852; x_wconf 91' lang='lat' dir='ltr'>quae</span> <span class='ocrx_word' id='word_1_425' title='bbox 279 2812 301 2840; x_wconf 91' lang='lat' dir='ltr'>ex</span> <span class='ocrx_word' id='word_1_426' title='bbox 315 2798 444 2850; x_wconf 87' lang='lat' dir='ltr'>passionibus</span> <span class='ocrx_word' id='word_1_427' title='bbox 459 2797 578 2846; x_wconf 87' lang='lat' dir='ltr'>exstitisset;</span> <span class='ocrx_word' id='word_1_428' title='bbox 594 2797 655 2837; x_wconf 86' lang='lat' dir='ltr'>altera</span> <span class='ocrx_word' id='word_1_429' title='bbox 669 2796 798 2847; x_wconf 87' lang='lat' dir='ltr'>passionibus</span> <span class='ocrx_word' id='word_1_430' title='bbox 813 2798 904 2847; x_wconf 84' lang='lat' dir='ltr'>obnoxia,</span> 
     </span>
     <span class='ocr_line' id='line_1_47' title="bbox 66 2853 905 2906; baseline 0.001 -13"><span class='ocrx_word' id='word_1_431' title='bbox 66 2864 116 2903; x_wconf 89' lang='lat' dir='ltr'>quac</span> <span class='ocrx_word' id='word_1_432' title='bbox 131 2869 155 2896; x_wconf 92' lang='lat' dir='ltr'>ex</span> <span class='ocrx_word' id='word_1_433' title='bbox 169 2856 298 2897; x_wconf 81' lang='lat' dir='ltr'>conversione</span> <span class='ocrx_word' id='word_1_434' title='bbox 313 2860 355 2895; x_wconf 90' lang='lat' dir='ltr'>orta</span> <span class='ocrx_word' id='word_1_435' title='bbox 371 2861 431 2896; x_wconf 87' lang='lat' dir='ltr'>esset.</span> <span class='ocrx_word' id='word_1_436' title='bbox 461 2856 494 2896; x_wconf 91' lang='lat' dir='ltr'>Sic</span> <span class='ocrx_word' id='word_1_437' title='bbox 508 2855 566 2895; x_wconf 91' lang='lat' dir='ltr'>malis</span> <span class='ocrx_word' id='word_1_438' title='bbox 581 2853 673 2893; x_wconf 89' lang='lat' dir='ltr'>omnibus</span> <span class='ocrx_word' id='word_1_439' title='bbox 688 2854 779 2906; x_wconf 87' lang='lat' dir='ltr'>expedita</span> <span class='ocrx_word' id='word_1_440' title='bbox 788 2855 905 2904; x_wconf 78' lang='lat' dir='ltr'>Achamoth,</span> 
     </span>
     <span class='ocr_line' id='line_1_48' title="bbox 66 2907 904 2966; baseline 0.002 -16"><span class='ocrx_word' id='word_1_441' title='bbox 66 2907 104 2950; x_wconf 85' lang='lat' dir='ltr'>iam</span> <span class='ocrx_word' id='word_1_442' title='bbox 119 2914 191 2964; x_wconf 89' lang='lat' dir='ltr'>gaudio</span> <span class='ocrx_word' id='word_1_443' title='bbox 206 2915 300 2966; x_wconf 78' lang='lat' dir='ltr'>gestisne,</span> <span class='ocrx_word' id='word_1_444' title='bbox 314 2912 336 2953; x_wconf 92' lang='lat' dir='ltr'>in</span> <span class='ocrx_word' id='word_1_445' title='bbox 351 2913 433 2963; x_wconf 90' lang='lat' dir='ltr'>angelos</span> <span class='ocrx_word' id='word_1_446' title='bbox 448 2912 555 2953; x_wconf 80' lang='lat' dir='ltr'>Salvatoris</span> <span class='ocrx_word' id='word_1_447' title='bbox 571 2911 654 2951; x_wconf 90' lang='lat' dir='ltr'>comites</span> <span class='ocrx_word' id='word_1_448' title='bbox 669 2910 738 2962; x_wconf 87' lang='lat' dir='ltr'>defigit</span> <span class='ocrx_word' id='word_1_449' title='bbox 752 2911 839 2959; x_wconf 88' lang='lat' dir='ltr'>obtutus,</span> <span class='ocrx_word' id='word_1_450' title='bbox 855 2925 904 2964; x_wconf 90' lang='lat' dir='ltr'>qua-</span> 
     </span>
     <span class='ocr_line' id='line_1_49' title="bbox 65 2967 904 3024; baseline 0.007 -21"><span class='ocrx_word' id='word_1_451' title='bbox 65 2977 109 3007; x_wconf 91' lang='lat' dir='ltr'>rum</span> <span class='ocrx_word' id='word_1_452' title='bbox 130 2971 237 3022; x_wconf 90' lang='lat' dir='ltr'>splendore</span> <span class='ocrx_word' id='word_1_453' title='bbox 260 2975 316 3024; x_wconf 88' lang='lat' dir='ltr'>capta</span> <span class='ocrx_word' id='word_1_454' title='bbox 338 2975 461 3023; x_wconf 90' lang='lat' dir='ltr'>aspectuque</span> <span class='ocrx_word' id='word_1_455' title='bbox 480 2969 585 3009; x_wconf 89' lang='lat' dir='ltr'>fecundata</span> <span class='ocrx_word' id='word_1_456' title='bbox 607 2967 695 3020; x_wconf 90' lang='lat' dir='ltr'>concipit</span> <span class='ocrx_word' id='word_1_457' title='bbox 712 2969 804 3020; x_wconf 89' lang='lat' dir='ltr'>paritque</span> <span class='ocrx_word' id='word_1_458' title='bbox 818 2969 904 3009; x_wconf 88' lang='lat' dir='ltr'>fructum</span> 
     </span>
     <span class='ocr_line' id='line_1_50' title="bbox 65 3024 904 3079; baseline 0.002 -15"><span class='ocrx_word' id='word_1_459' title='bbox 65 3024 184 3076; x_wconf 84' lang='lat' dir='ltr'>spiritalem,</span> <span class='ocrx_word' id='word_1_460' title='bbox 204 3029 229 3069; x_wconf 84' lang='lat' dir='ltr'>ad</span> <span class='ocrx_word' id='word_1_461' title='bbox 244 3041 313 3070; x_wconf 88' lang='lat' dir='ltr'>eorum</span> <span class='ocrx_word' id='word_1_462' title='bbox 327 3026 434 3079; x_wconf 86' lang='lat' dir='ltr'>imaginem</span> <span class='ocrx_word' id='word_1_463' title='bbox 448 3027 542 3067; x_wconf 86' lang='lat' dir='ltr'>effictum.</span> <span class='ocrx_word' id='word_1_464' title='bbox 575 3026 617 3066; x_wconf 89' lang='lat' dir='ltr'>lam</span> <span class='ocrx_word' id='word_1_465' title='bbox 632 3037 679 3077; x_wconf 87' lang='lat' dir='ltr'>ergo</span> <span class='ocrx_word' id='word_1_466' title='bbox 695 3025 794 3078; x_wconf 89' lang='lat' dir='ltr'>triplicem</span> <span class='ocrx_word' id='word_1_467' title='bbox 808 3026 904 3067; x_wconf 85' lang='lat' dir='ltr'>lraheruus</span> 
     </span>
    </p>
   </div>
   <div class='ocr_carea' id='block_1_3' title="bbox 755 3093 767 3132">
    <p class='ocr_par' dir='ltr' id='par_1_4' title="bbox 755 3093 767 3132">
     <span class='ocr_line' id='line_1_51' title="bbox 755 3093 767 3132; baseline 0 0"><span class='ocrx_word' id='word_1_468' title='bbox 755 3093 767 3132; x_wconf 72' lang='grc' dir='ltr'><strong>ᾗ</strong></span> 
     </span>
    </p>
   </div>
   <div class='ocr_carea' id='block_1_4' title="bbox 0 0 980 3304">
    <p class='ocr_par' dir='ltr' id='par_1_5' title="bbox 0 0 980 3304">
     <span class='ocr_line' id='line_1_52' title="bbox 0 0 980 3304; baseline 0 0"><span class='ocrx_word' id='word_1_469' title='bbox 0 0 980 3304; x_wconf 95' lang='lat' dir='ltr'> </span> 
     </span>
    </p>
   </div>
  </div>
 </body>
</html>
