1936 3304
60 159 101 197 tet)
192 168 217 194 rv.
233 167 365 195 nrssnnrnrro
381 167 518 195 aeonoonrrcs
532 167 558 193 11
574 166 698 194 rnnouuurrs
714 165 794 193 11111111

61 268 123 309 oratio
139 267 192 308 iuxta
207 274 298 309 nostram
313 268 433 309 sententiam
449 267 547 308 consistat
561 267 582 306 in
597 266 698 319 precibus,
713 267 734 307 h.
743 279 760 306 e.
776 266 797 305 in
806 265 914 316 gratiarum

62 325 140 365 actione
159 332 179 364 et
198 325 340 366 benedictione
360 325 472 364 coniunctis
488 337 533 363 111111
547 323 614 364 uerbis
629 323 769 363 institutionis.
798 323 828 370 lta
843 335 914 362 conse·
932 332 935 335 ·

62 381 124 422 orarit
139 382 238 432 Christus,
254 383 281 422 ita
289 381 381 435 apostoli.
412 381 452 421 Sed
467 380 495 421 ait
510 381 672 428 clarhlarrnrus,
689 380 706 419 si
718 393 735 420 s.
744 392 806 420 coena
815 392 825 418 a
835 379 914 420 Christo

62 508 80 539 ld
93 508 137 549 quod
148 508 173 541 rel
185 518 204 539 ex
215 508 250 539 solo
263 511 306 548 patet
317 505 425 545 Bellarmino,
442 505 487 537 cuius
500 505 549 538 ritulo
566 505 633 538 subinde
650 511 684 538 arat
700 504 849 547 praestantissimus
861 509 916 536 noster

61 553 151 585 llarrnrus,
176 553 204 584 Hic
221 562 269 593 quum
285 561 387 583 eomumnem
403 551 448 582 illam
459 551 572 591 theologorum
584 551 708 583 narbonensium
721 551 816 583 sententiam
828 550 916 588 reiecisset,

63 599 79 630 in
93 609 111 630 eo
125 599 212 631 consistere
225 597 298 628 sacritieii
311 597 388 628 missatici
406 597 484 636 sormam,
501 597 544 638 quod
557 597 629 629 Christus
647 606 724 638 praesens
741 596 777 628 heic
788 596 854 626 sistatur
866 594 916 634 signis

64 645 120 675 mortis
132 644 203 681 restitus,
216 643 236 673 ita
249 642 343 681 iitsanguis
356 642 425 673 seorsim
437 652 446 673 a
459 651 527 683 corporo
540 642 555 673 in
568 642 614 674 altari
627 643 697 679 exsistet,
709 641 733 673 rel
746 651 764 672 en
777 651 795 672 ea
807 640 842 671 sola
854 640 917 671 ratione

64 689 170 727 refutandam,
183 687 225 729 quod
239 687 307 719 ecclesia
319 688 391 718 Bouiano
404 687 544 723 concomitantiam
556 688 620 727 statuit,
638 698 668 729 qua
681 687 711 719 suh
723 697 755 718 una
768 686 849 726 alteraque
862 684 917 726 specie

64 738 79 765 et
92 743 151 774 corpus
164 737 179 764 et
191 733 256 773 sanguis
269 738 331 764 exstare
344 733 419 770 ereditur,
432 742 480 773 quum
493 732 541 763 etiam
553 742 588 764 eam
601 733 701 774 quorundam
711 731 802 773 opinionem
809 730 877 768 risisset,
890 730 917 771 qui

64 779 124 818 dicunt,
136 777 263 810 immolationem
276 779 292 810 in
304 778 482 810 transsubstantiatione
494 777 509 809 h.
519 787 532 809 e.
545 777 653 810 destructione
667 782 682 809 et
693 777 808 809 annihilatione
820 775 918 807 substantiae

64 825 111 864 panis
123 829 138 855 et
150 824 181 855 vini
194 824 289 861 consistere,
302 828 357 864 utpote
370 824 412 854 iuxta
425 832 472 863 spiram
485 822 520 853 sola
532 823 610 863 symbola,
624 833 657 854 non
670 833 728 864 corpus
736 821 851 862 etsanguincm
859 820 918 852 Christi

64 869 145 900 immolari
158 869 243 900 dicendum
256 869 306 906 toret,
319 878 365 899 suani
377 868 412 909 ipse
424 867 518 899 sententiam
531 867 560 899 sed
573 867 622 900 nihilo
635 868 719 899 meliorem
729 868 795 906 ellatur,
808 866 871 907 aitque,
884 866 918 897 lor-

65 924 107 945 uram
120 914 194 946 sacrihcii
206 914 352 954 innuolationisque
365 914 455 944 missaticae
468 913 555 945 consistere
568 913 584 944 in
597 914 695 945 comestione
708 918 724 944 et
735 913 812 944 bibitione
824 911 918 949 sacerdotis,

66 969 97 1001 qua
113 960 172 1001 qnippe
190 968 248 1000 corpus
266 958 324 991 Christi
340 957 456 990 sacramentale
473 958 565 989 destruatur
580 963 595 989 et
607 968 643 990 esse
655 967 703 990 suum
715 958 782 990 amittat.
807 956 853 995 Quod
865 956 919 997 ipsum

66 1005 104 1036 dum
120 1005 189 1035 altirmat
205 1004 307 1035 doctissimus
325 1003 420 1042 cardinalis,
436 1013 469 1035 non
486 1003 539 1034 solum
556 1003 621 1045 epulnrn
636 1003 731 1035 sacriticiale
744 1013 779 1035 cum
792 1001 870 1034 sacrificio
883 1002 919 1042 ipso

65 1050 111 1081 miris
123 1050 176 1080 rnodis
189 1049 277 1086 contundit,
290 1048 416 1080 immolationem
429 1050 444 1079 in
457 1049 556 1080 comestione
568 1058 643 1080 asserens
655 1049 749 1087 consistere,
762 1058 802 1089 quae
814 1047 884 1078 inaudita
894 1046 919 1085 iis,

67 1095 94 1136 qut
106 1095 209 1136 disciplinam
222 1094 310 1125 telesticam
322 1099 387 1133 norunt,
400 1094 478 1125 sententia
491 1099 524 1133 est,
537 1094 566 1125 sed
579 1094 625 1125 etiam
638 1094 723 1126 obseruare
735 1093 839 1134 supersedet,
852 1092 882 1123 hac
893 1101 920 1123 ra-

65 1140 110 1171 tiono
123 1145 138 1170 et
150 1140 192 1180 opud
205 1149 241 1178 nos,
254 1139 280 1180 qni
292 1144 410 1170 sacramentum
423 1139 528 1170 eucharistiae
541 1139 656 1178 consumimus,
668 1139 684 1170 id
696 1148 732 1171 vere
744 1138 798 1170 offerri
811 1143 826 1169 et
834 1136 920 1175 immolari,

67 1185 83 1217 id
96 1185 139 1226 quod
151 1195 181 1216 nee
193 1184 228 1225 ipse
240 1185 344 1223 concesserit,
356 1189 374 1216 11
386 1189 471 1223 taceamus,
484 1184 582 1226 peculiarem
594 1185 624 1216 ista
636 1185 706 1216 lormare
718 1183 819 1225 praesentiae
830 1182 878 1214 realis
891 1192 920 1213 eu-

68 1230 162 1262 charisticae
175 1230 236 1268 idcam,
249 1230 276 1261 nbi
289 1239 381 1271 supponere
394 1230 429 1270 qens
442 1239 526 1261 necessum
539 1230 595 1268 habet,
614 1239 668 1262 rerum
681 1230 739 1262 Christi
752 1238 811 1270 corpus
824 1229 875 1270 quoad
887 1237 920 1259 csse

68 1276 139 1307 outrerale
155 1276 170 1306 in
188 1275 299 1306 consumtione
311 1285 376 1306 manere
389 1275 462 1316 quidem,
480 1280 495 1306 at
507 1275 549 1306 idem
562 1276 613 1317 quoad
626 1285 658 1307 esse
670 1275 780 1307 sacramentale
793 1273 862 1312 destrui,
880 1281 921 1313 quae

69 1321 128 1359 omnia,
141 1321 154 1352 si
167 1320 228 1352 Gallico
241 1320 306 1361 quidem
319 1320 384 1351 nomine
396 1321 472 1361 scapham
485 1321 526 1352 hanc
539 1321 633 1361 appellitare
646 1320 713 1359 licuerit,
726 1320 742 1351 in
755 1320 868 1360 qolirnatiartnn
877 1327 921 1349 cam-

68 1375 107 1406 pum
119 1366 175 1396 lorsan
187 1365 229 1396 haud
243 1365 296 1406 inepte
308 1365 436 1404 relegarerinrus.
460 1365 532 1406 Dcrriquc
544 1366 587 1397 idem
598 1365 704 1406 praecipuus,
720 1370 737 1396 ut
749 1364 827 1403 arbitror,
840 1363 876 1394 fidei
889 1363 921 1393 Ro-

69 1420 125 1442 manae
137 1411 235 1451 promacbus
248 1410 316 1451 ipsemet
328 1415 438 1450 argnrnentunr
451 1415 507 1442 contra
518 1411 614 1442 sacrificium
627 1410 762 1442 missaticumsihi
770 1410 823 1448 nectit,
836 1408 922 1440 insolubile

69 1456 134 1487 onurino
147 1460 162 1487 et
174 1455 194 1486 ad
207 1455 249 1495 quod
262 1465 292 1486 nee
303 1456 344 1496 ipse,
357 1465 423 1487 carrssae
435 1456 495 1496 qnippe
507 1465 545 1487 suae
557 1455 645 1497 plurimum
654 1455 722 1495 diltisus,
734 1454 827 1495 respondet.
852 1454 883 1493 Vel,
897 1453 922 1484 in-

70 1501 109 1542 quit,
121 1502 138 1532 in
149 1502 197 1533 reticeo
208 1502 224 1541 dt
236 1511 272 1532 aera
284 1505 298 1532 et
309 1501 357 1532 realis
371 1500 427 1532 Christi
437 1502 509 1533 reluctatio
527 1504 540 1533 ct
552 1502 608 1533 occisio
621 1501 719 1542 1111111111.
747 1500 764 1532 Si
775 1510 807 1532 riou
817 1500 843 1540 fit,
856 1509 888 1530 1111
900 1502 922 1530 eet

68 1556 120 1578 oerum
133 1550 146 1578 ct
157 1546 199 1577 reale
211 1547 307 1587 sacrificiunt,
321 1547 413 1586 sacrificetur
425 1547 465 1578 enim
476 1556 528 1578 acrum
540 1550 554 1578 et
564 1547 606 1577 reule
617 1556 668 1577 aarum
680 1550 694 1577 ct
705 1546 762 1577 realem
769 1545 861 1577 occisionem
869 1544 922 1584 ancipit.

71 1592 87 1623 St
100 1593 183 1632 cartereth,
197 1601 232 1631 erpo
245 1601 296 1622 aeriam
308 1592 336 1622 crit
349 1592 404 1630 elicere,
418 1602 427 1622 o
439 1592 545 1623 sacerdotibus
559 1591 650 1623 Christianis
661 1601 695 1623 aere
707 1595 720 1622 et
732 1591 795 1622 realiter
809 1589 885 1621 Cluistum
896 1599 923 1620 oc-

70 1637 107 1668 cidi.
130 1636 149 1668 111
161 1638 189 1668 hoc
201 1637 308 1677 saerilegium,
322 1647 353 1668 raon
365 1637 457 1677 sucrificium
470 1646 502 1667 esse
514 1637 579 1668 videtur.
603 1636 620 1667 L.
633 1636 645 1667 l.
659 1636 678 1667 de
691 1637 740 1667 missa
753 1635 770 1667 C.
782 1634 809 1667 2't,
822 1634 864 1675 Opp.
876 1634 894 1665 T.
907 1633 923 1665 2.

70 1682 81 1713 l.
95 1681 202 1713 11511151.
227 1681 260 1712 Nec
271 1681 323 1721 regeri
335 1685 398 1722 potest,
411 1681 507 1713 sacrificium
518 1681 550 1713 hoc
562 1690 597 1712 esse
610 1681 716 1719 incruentum,
729 1690 778 1722 quum
790 1680 885 1711 sacrificium
898 1679 923 1710 in-

71 1731 154 1758 cruentum
171 1731 186 1757 et
201 1727 267 1767 proprie
285 1727 307 1757 sic
324 1726 383 1758 dictum
399 1726 420 1757 sit
432 1719 553 1765 oadqodbulov
565 1730 581 1757 et
593 1726 612 1757 ad
623 1726 754 1767 propitiationem
766 1724 875 1756 neeessariam
887 1734 924 1755 csse

71 1769 218 1814 αἱματεκχυσίαν
230 1772 261 1802 aiat
273 1771 356 1811 apostolus
370 1771 416 1802 llebr.
430 1770 455 1802 lh.
468 1770 495 1802 22.
520 1771 561 1809 Quin
573 1771 605 1802 imo
618 1771 631 1803 si
644 1771 739 1803 sacrificinm
752 1770 810 1802 missae
823 1770 924 1801 incruentum

72 1826 108 1848 esse
120 1817 201 1852 statueris,
214 1816 237 1847 rin
250 1816 333 1857 apparebit
344 1816 391 1854 ratio,
405 1816 431 1856 qui
445 1816 525 1847 affirmare
537 1816 585 1847 simul
597 1816 657 1857 possis,
669 1816 763 1856 sanguinem
776 1816 834 1848 Christi
846 1815 924 1847 rerumin

72 1862 130 1893 codem
142 1866 243 1902 praesentem
257 1871 302 1899 esse,
319 1871 359 1902 quae
371 1865 424 1892 tauron
437 1861 527 1892 cornrntrnis
539 1860 617 1892 eeclesiae
631 1862 712 1892 Romanae
724 1861 763 1893 tides
776 1866 809 1899 est,
827 1860 859 1892 nisi
871 1860 924 1892 dicere

71 1907 121 1946 velis,
138 1906 232 1946 sangninem
246 1906 304 1938 Christi
323 1907 405 1937 incruento
418 1906 466 1937 modo
479 1906 508 1937 sed
524 1915 556 1937 non
569 1911 634 1938 cruento
647 1906 668 1937 ibi
681 1906 767 1944 exsistere,
784 1905 826 1947 quod
838 1905 924 1937 ridiculum

72 1953 119 1983 loret.
143 1952 183 1983 lline
202 1956 227 1990 et,
247 1952 274 1992 qui
291 1961 331 1983 nora
346 1951 408 1982 ratione
423 1951 464 1982 hanc
481 1951 500 1982 dc
513 1948 591 1982 sacrificio
605 1951 685 1982 missatico
699 1951 793 1982 sententiam
806 1950 871 1982 tradidit
882 1950 894 1982 I.
906 1950 924 1981 h.

71 1998 165 2036 Bossuetns,
178 1997 264 2038 episcopus
276 1996 368 2035 lleldensis,
382 1996 425 2027 mille
438 2006 455 2028 se
467 1996 483 2027 in
496 1996 556 2027 foratas
568 2000 638 2037 torquet,
650 1996 733 2037 nescitque
745 1996 771 2027 uhi
785 1996 842 2037 pedem
854 1996 897 2035 figat,
908 1995 925 2027 in

72 2042 175 2084 praecipitia,
192 2052 287 2083 quocunque
304 2051 340 2072 cnm
353 2042 418 2072 tandein
436 2041 530 2082 protulerit,
547 2041 627 2082 lapsurus.
652 2041 698 2079 Quod
710 2041 764 2082 ipsum
776 2046 791 2072 et
804 2040 873 2072 ostendit
885 2040 925 2072 mira

72 2087 153 2128 praesulis
166 2087 289 2126 ingeniosissimi
302 2087 373 2125 variatio,
386 2086 423 2117 alibi
436 2086 467 2118 inm
480 2097 488 2117 a
501 2086 547 2118 nobis
560 2091 657 2125 memorata,
671 2096 718 2128 quam
731 2091 746 2118 et
758 2087 840 2118 Editordas
852 2086 925 2126 Stellinq-

72 2135 132 2173 flectus,
147 2133 233 2173 episcopus
246 2132 326 2173 cqnorrdarn
339 2131 446 2171 ligorniensis
459 2131 518 2171 duglas
531 2136 546 2163 et
557 2132 588 2163 lac.
601 2132 695 2173 Buertagius,
714 2131 771 2163 eccles.
783 2132 880 2162 reformatae
892 2131 925 2162 lla-

73 2177 132 2218 giensis
145 2182 200 2218 pastor
213 2177 327 2209 celeberrimus
340 2177 399 2208 dudum
412 2177 443 2217 ipsi
456 2176 535 2208 obiecere
559 2176 574 2207 ls
587 2176 629 2207 enim
642 2186 690 2218 qurrm
703 2176 753 2217 probe
765 2176 834 2215 rideret,
847 2186 879 2207 non
892 2181 925 2207 sta-

72 2223 95 2255 tui
108 2232 156 2264 posse
169 2223 264 2254 sacrificinm
277 2222 400 2253 eucharisticum
412 2222 478 2262 proprie
490 2221 513 2252 sic
525 2221 590 2259 dictum,
603 2221 619 2252 in
631 2222 683 2262 prima
695 2221 875 2263 editioneerpositionis
883 2221 925 2260 tidei,

74 2278 114 2310 quae
126 2272 183 2308 postea
196 2277 283 2308 suppressa
296 2267 334 2305 luit,
351 2267 391 2298 haec
403 2267 451 2298 rerba
463 2266 526 2307 posuit,
543 2276 571 2307 qtae
584 2267 599 2297 la
610 2277 659 2298 nitesce
669 2268 733 2307 poraaait
744 2266 775 2298 alra
787 2267 926 2298 raieoonablemcnt

73 2314 136 2355 appelle
151 2323 172 2343 11
189 2314 267 2352 sacrifice,
284 2316 341 2353 postea
359 2316 412 2343 tomen
425 2321 474 2352 quum
487 2311 518 2352 ipsi
530 2311 636 2350 obiiceretur,
655 2311 697 2353 quod
709 2311 725 2342 in
738 2317 789 2343 eastra
802 2311 926 2343 Protestantium

73 2359 104 2390 hae
115 2358 177 2389 ratione
190 2358 262 2389 incantus
275 2357 343 2398 ipsemet
355 2356 465 2396 descenderet,
477 2356 519 2389 hane
530 2356 545 2387 in
558 2356 627 2387 formam
639 2356 656 2387 in
668 2356 738 2387 secunda
750 2356 819 2388 editione
831 2356 926 2388 sententiam

74 2413 120 2439 suam
139 2403 188 2434 ludit:
207 2403 245 2444 qu'r'l
257 2413 276 2434 nc
292 2413 358 2444 erroreque
369 2403 402 2434 rien
419 2404 429 2433 d
440 2402 456 2434 la
467 2412 516 2434 literae
526 2411 566 2443 poter
578 2401 609 2433 ati-e
620 2402 726 2434 reieceritable
737 2403 811 2442 sacrifice.
834 2402 875 2434 Vidit
887 2402 927 2433 haee

73 2448 137 2487 omnia,
155 2458 186 2489 qno
199 2458 246 2479 taenio
260 2453 384 2480 controversiam
396 2447 437 2479 banc
450 2447 491 2478 inter
502 2447 583 2478 Romanae
595 2447 632 2478 tidei
645 2446 732 2487 scriptores
745 2446 800 2479 evolvit
812 2447 874 2479 doctius
886 2456 926 2487 pru-

75 2494 175 2534 dentiusque,
188 2493 256 2525 illustris
268 2493 308 2524 hara
322 2493 430 2532 deRusunur,
444 2493 470 2533 qui
483 2492 672 2533 subnominchphqrini
684 2493 702 2523 dc
708 2492 745 2524 Pace
754 2492 873 2532 Brunsvigaed.
882 2491 926 2523 tabe

75 2540 100 2571 die
111 2539 236 2571 dlt-Clrrietlichc
249 2539 339 2571 Gcclonclreo
351 2538 409 2577 edidit,
426 2538 453 2569 nbi
466 2538 576 2579 quaestionem
588 2537 701 2578 praecipuam,
713 2541 764 2569 ulrum
775 2539 823 2569 atissa
835 2538 927 2579 sacrificium

73 2585 198 2626 propitiatorium
208 2585 271 2625 proprie
283 2585 305 2616 sie
318 2585 374 2616 diction
386 2585 415 2622 sit,
433 2583 474 2614 miro
491 2583 563 2615 instituto
578 2582 651 2623 seponit,
669 2586 684 2613 et
696 2582 715 2613 ad
728 2582 767 2614 alias
780 2582 868 2622 delabitur,
886 2592 927 2623 quac

75 2629 199 2661 controversiam
213 2639 244 2660 non
256 2634 328 2668 tangunt,
341 2634 357 2659 et
368 2628 395 2660 ubi
408 2629 427 2659 de
439 2628 474 2660 solo
487 2628 566 2660 sacrificio
579 2627 725 2666 commemoratiro,
737 2627 842 2659 eucharistico
850 2632 866 2658 ct
874 2627 926 2668 appli-

75 2675 135 2706 catorio
148 2675 163 2705 h.
177 2684 191 2706 c,
203 2674 283 2715 impropie
295 2674 319 2705 sic
332 2674 374 2705 dieto
387 2683 440 2705 sermo
453 2679 477 2706 est
489 2684 504 2715 p.
518 2672 556 2705 137.
580 2672 612 2704 Sed
625 2673 691 2704 nimhrm
704 2673 767 2714 equidem
780 2673 806 2705 hic
818 2684 826 2704 e
838 2673 862 2704 uia
875 2672 927 2704 diver-

74 2720 129 2759 timus,
142 2729 202 2760 eaquo,
215 2729 255 2760 quae
268 2719 326 2750 millies
339 2729 347 2750 a
360 2719 419 2750 nostris
431 2719 511 2759 theologis
524 2719 566 2750 dieta
578 2722 624 2755 sunt,
636 2716 695 2759 (neque
707 2719 748 2749 enim
761 2719 796 2750 novi
809 2718 847 2759 quid
860 2717 886 2749 hro
896 2716 927 2749 dici

74 2775 129 2807 posse,
142 2765 254 2805 prudentiores
267 2763 349 2803 iudicant)
362 2765 414 2796 denuo
427 2769 471 2796 cocta
483 2764 562 2796 dedimus.
586 2762 650 2794 llcrriam
662 2767 715 2795 tamen
728 2762 927 2802 dabitlcctorhenerolus,

76 2810 89 2841 si
102 2810 231 2848 consideraverit,
244 2820 274 2841 nos
286 2810 302 2840 in
315 2810 381 2849 gratiam
393 2809 498 2841 illustrissimi
506 2809 576 2841 llsrren
589 2808 619 2840 ista
631 2809 711 2848 posuisse,
724 2814 779 2850 utpote
792 2807 899 2840 cuiusoculos
907 2807 928 2838 li-

75 2855 100 2885 bri
113 2855 236 2887 Protestantinm
253 2854 366 2895 theologorum
378 2855 421 2886 baud
433 2855 479 2887 lacilo
492 2855 566 2886 subeunt.
591 2853 640 2890 Qneis
653 2863 700 2895 quum
712 2854 754 2886 ultra
766 2858 829 2885 montes
842 2852 927 2894 exspatiari

75 2899 154 2931 l'amiliaro
166 2900 208 2931 haud
220 2901 246 2939 sit,
258 2901 367 2931 necessarium
379 2901 429 2932 risum
443 2901 477 2939 luit,
490 2898 602 2941 praesentibus
615 2899 677 2939 paginis
687 2898 928 2940 nacaguinoinumpautispee

76 2954 160 2976 excussura
173 2945 216 2983 dare,
229 2945 287 2986 qrribus
299 2945 354 2976 forsan
366 2950 426 2978 eeteros
440 2946 508 2985 migrare
521 2944 580 2976 limites
592 2948 675 2986 terrasque
687 2944 725 2977 istas
737 2944 843 2985 remotiores,
855 2942 928 2984 neganda

77 2989 112 3021 aliis
125 2994 169 3021 sorte
181 2990 235 3029 sirnili,
248 2991 292 3022 adire
305 2990 373 3023 dabitur.
