1936 3304
350 176 375 202 nn
392 176 471 214 inculti
486 176 591 205 nocrama.
859 164 900 205 283

45 280 150 324 Nicomede,
167 281 187 316 et
201 274 331 315 doctissimus
346 281 415 316 noster
429 277 518 316 Dorrruus
533 276 628 317 Nicolans
643 275 753 328 leNourry,
769 276 901 328 iradpmar‘atrr

46 337 70 378 ad
85 333 232 375 Bibliothecam
247 331 352 372 maximam
367 339 457 374 veterum
471 339 549 385 patrum
563 334 599 373 To.
616 346 637 372 11.
652 332 727 384 prioris
737 332 784 372 edit.
793 345 824 372 an.
838 333 899 374 1697.

46 393 130 435 [tissert.
146 403 171 429 rr.
188 401 231 441 cap.
241 389 260 429 6,
275 389 323 440 ξ.2.
339 396 359 430 et
367 402 423 443 seqq.
439 403 523 442 quorum
538 389 712 430 lucubrationibus
728 391 745 429 si
761 389 812 429 nihil
827 391 900 431 addere

46 448 152 504 potuerim,
169 446 239 485 saltem
255 446 330 499 aliquid
345 446 397 486 lucis
412 447 497 486 forsitan
512 447 641 500 impersurus
657 447 702 487 sim.
844 489 846 494 ⁴

102 504 137 546 48.
166 503 192 542 Ut
206 503 284 543 lrenaei
299 516 356 543 inens
373 503 447 543 certius
463 504 581 556 exploretur,
598 504 660 544 tutior
675 503 765 544 omnium
779 504 810 543 ria
827 509 858 543 est
865 517 900 556 pe-

47 563 100 605 nitus
116 560 217 612 inspicere
233 560 278 611 quis
294 560 354 600 fuerit
369 560 412 600 eius
428 573 508 612 scopus,
525 574 575 613 quae
590 560 757 609 adversariorum,
774 574 824 613 qnos
835 560 900 613 impu-

48 618 125 673 gnabat,
140 617 263 669 hypothesis,
281 617 328 669 quid
343 617 423 656 demum
438 617 532 657 adversus
543 631 577 658 eos
589 618 715 670 probandum
724 618 762 658 sibi
771 616 900 670 susceperit?

47 676 118 718 Anirno
133 674 201 725 itaque
216 675 291 713 recolat
307 673 398 725 quisquis
414 674 500 726 primam
514 681 603 715 nostram
619 675 788 723 dissertationem,
805 676 900 727 acpotis-

48 734 120 774 simum
135 735 171 771 art.
188 730 206 771 l.
222 733 241 782 ξ.
250 729 270 771 ἵ).
279 736 299 771 et
307 743 363 785 seqq.
378 730 445 783 legere
460 736 551 783 gravatus
567 745 608 772 noir
623 731 689 778 fuerit,
707 732 814 772 Gnosticos
829 745 900 773 ottlltes

48 796 68 831 et
81 788 237 835 Valentinianos,
253 801 303 840 quos
318 788 529 836 refellebatlrenaeus,
545 790 605 828 tidem
621 800 700 828 omnem
715 789 805 841 mysterii
821 802 848 828 ss.
865 789 899 829 tri-

48 846 116 888 nitatis
135 845 226 897 profanis
248 845 396 896 platonicisque
417 845 459 885 suis
482 846 600 885 commentis
616 845 706 885 funditus
722 846 830 885 evertisse:
850 846 900 885 adeo

48 908 70 944 ut
84 915 108 942 eu
122 900 265 954 impurissimis
279 901 336 941 hisce
351 902 440 941 fontibus
454 902 539 949 fluxerit,
556 916 606 955 quae
621 902 717 955 deinceps
731 903 861 942 christianam
868 916 900 942 re-

48 959 143 1011 ligionem
157 958 233 1007 infecit,
249 958 362 998 Sabellicus
378 963 398 998 et
405 959 477 998 Ariana
492 959 590 999 haeresis.
619 959 649 999 Ad
665 959 775 1000 trinitatem
790 972 854 1011 usque
870 960 900 999 di-

49 1017 138 1057 vinarum
153 1028 294 1067 personarum,
315 1026 398 1067 quarum
415 1028 453 1055 una
468 1016 578 1068 eademque
594 1021 649 1056 esset
662 1021 733 1057 natura
749 1030 772 1056 ac
787 1017 900 1057 substantia

50 1072 125 1121 divina,
146 1072 233 1112 altimum
253 1073 329 1124 erigere
348 1084 388 1111 uon
402 1073 501 1117 valentes,
517 1073 632 1112 statuebant
646 1073 719 1122 Deum,
739 1086 798 1125 quem
813 1073 900 1125 primum

51 1143 73 1170 ac
87 1142 202 1182 supremum
216 1129 296 1169 Patrem
311 1128 449 1181 appellabant,
465 1129 569 1169 intrarensis
585 1129 712 1169 saeculorum
727 1130 836 1170 intervallis
852 1131 900 1170 soli-

51 1186 126 1235 tarium,
142 1198 243 1238 nutumque
258 1192 279 1226 ut
292 1192 369 1233 battua,
385 1186 416 1225 sic
431 1191 451 1225 et
464 1198 551 1237 persona
567 1186 641 1234 fuisse,
657 1185 717 1227 tacite
728 1199 797 1227 secum
812 1188 901 1238 cogitan-

50 1250 99 1292 tem,
118 1256 197 1295 unaque
217 1255 252 1282 sua
268 1242 389 1294 cogitatione
405 1248 520 1282 contentum
535 1249 555 1282 et
570 1248 695 1295 occupatum.
725 1244 790 1291 Quirm
804 1256 851 1283 vcro
868 1257 900 1283 ex-

50 1300 111 1341 terius
134 1313 180 1340 sese
201 1300 297 1351 prodere,
322 1300 390 1339 orbem
410 1299 526 1347 condendo,
549 1300 615 1339 aninio
631 1299 778 1349 constituisset,
798 1300 901 1341 inactum

51 1358 120 1409 erupit,
138 1357 171 1409 qui
186 1369 253 1396 rerum
268 1356 358 1396 ommuni
373 1356 508 1403 seminarium,
523 1357 651 1409 principium,
668 1357 732 1396 fornia
747 1363 767 1397 et
781 1358 900 1410 archetypus

51 1420 114 1454 esset:
129 1414 223 1465 huncque
238 1413 335 1453 vocabant
348 1413 400 1461 Nun,
415 1414 502 1453 blentem
517 1426 553 1453 seu
561 1414 647 1453 Sensum
663 1414 762 1454 etFilium
776 1415 901 1465 unigenitum

51 1471 127 1520 Patris3
141 1470 261 1523 parentique
276 1483 312 1510 suo
328 1470 416 1522 perfecte
432 1470 518 1509 similem
534 1476 553 1510 et
562 1471 665 1522 aequalem
673 1483 718 1510 esse
728 1471 828 1519 dicebaut,
842 1477 901 1524 atquc

51 1528 78 1567 ita
97 1535 244 1579 comparatum,
266 1532 289 1567 ut
308 1527 363 1566 solus
382 1526 540 1577 magnitudinem
555 1528 620 1566 Patris
641 1532 732 1578 caperet,
755 1535 824 1579 utpote
841 1530 874 1580 qui
890 1541 901 1567 a

51 1586 109 1625 Patre
124 1585 277 1635 haudquaquam
292 1584 334 1624 sire
348 1596 376 1630 re,
393 1583 434 1623 sive
449 1596 536 1635 persona
552 1584 658 1624 distinctus
667 1590 731 1633 esset,
746 1585 837 1636 nihilque
848 1585 900 1625 atiud

52 1649 105 1681 esset
120 1654 177 1693 quam
193 1641 252 1680 Pater
266 1641 310 1693 ipsc
325 1639 421 1688 sentiens,
439 1652 462 1680 ac
476 1639 901 1693 exteriusrelutcflundereseseincipiens.

52 1698 112 1738 ANu
126 1698 246 1750 productum
265 1698 344 1737 aiebant
358 1697 454 1745 Verbum,
475 1696 528 1748 quod
548 1711 615 1737 rerum
635 1697 764 1750 spiritalium,
785 1698 902 1749 arigelorum

52 1754 144 1795 videlicet
158 1753 284 1806 superiorum
299 1754 431 1807 principium,
448 1759 517 1793 auctor
532 1760 552 1794 et
566 1755 663 1794 formator
678 1760 740 1804 esset,
751 1755 842 1807 angelus
857 1756 902 1808 ipsc

53 1812 148 1860 aPatre,
171 1812 255 1863 eiusque
269 1812 310 1859 Nu,
333 1811 444 1851 substantia
465 1816 484 1851 et
498 1823 585 1862 persona
600 1811 659 1862 longe
673 1811 773 1852 diversus:
795 1825 833 1852 nec
848 1812 902 1853 enim

52 1868 105 1918 huic,
119 1874 141 1908 ut
155 1867 269 1919 Unigenito,
285 1869 351 1908 datum
368 1879 439 1920 capere
454 1867 611 1918 magnitudinem
626 1868 699 1909 Patris.
727 1869 816 1909 aruba
833 1870 902 1909 emissi

54 1930 100 1965 sunt
114 1926 148 1966 alii
162 1926 247 1974 heones,
263 1938 300 1965 sen
314 1924 389 1976 arageli,
409 1938 420 1964 a
435 1925 508 1976 quibus
523 1924 613 1965 vicissim
628 1925 661 1964 alii
677 1925 748 1976 geniti:
769 1926 793 1965 ab
809 1927 902 1966 erunibus

53 1994 99 2022 vero
122 1983 181 2022 simul
196 1982 359 2035 conspirantibus
374 1982 483 2033 productus
499 1981 598 2030 Salvator,
621 1981 655 2033 qui
677 1982 793 2022 inferiorem
810 1984 902 2034 angelum

54 2040 122 2079 luitardi
137 2038 196 2079 huius
212 2038 353 2091 adspectabilis
369 2038 493 2077 conditorem
508 2037 609 2089 dirigeret.
633 2040 902 2085 fluumantemnovissimus

53 2096 109 2136 Aeon
123 2095 211 2148 supremi
227 2095 290 2136 Patris
305 2094 464 2144 magnitudinem
478 2100 553 2134 temere
569 2101 668 2135 scrutatus
683 2108 748 2147 paene
756 2097 861 2148 periisset,
877 2110 902 2137 ne

54 2151 105 2192 idem
125 2165 183 2192 casus
202 2152 252 2192 alios
272 2152 357 2199 subiret,
381 2151 477 2191 emissum
494 2151 518 2190 ab
533 2151 639 2203 Unigenito
655 2152 739 2192 alterum
754 2166 790 2204 par
803 2155 901 2201 leonum,

55 2221 89 2248 seu
104 2210 225 2261 angelorum,
242 2209 332 2250 Christus
348 2213 368 2249 ct
383 2208 470 2261 Spiritus
486 2216 577 2257 sauctus,
598 2222 608 2248 a
627 2208 699 2261 quibus
719 2209 822 2249 fulciretur
836 2210 901 2250 muni-

54 2270 148 2319 returque
162 2267 260 2319 pleroma.
290 2267 370 2306 Summa
385 2265 480 2317 proinde,
500 2266 553 2316 quod
572 2266 597 2305 ad
616 2279 658 2305 rem
676 2272 804 2318 praesentem
824 2267 901 2314 attinet,

55 2321 93 2362 huc
107 2324 169 2364 redit:
185 2323 265 2363 Patrem
279 2323 344 2363 Verbo
360 2328 379 2361 et
394 2322 478 2374 Spiritui
493 2327 562 2362 sancto
571 2322 636 2373 longis
647 2324 772 2363 saeculorum
780 2324 902 2375 myriadibus

55 2380 215 2429 praeexstitisse,
230 2379 356 2430 Unigenitum
372 2378 439 2427 illum,
456 2391 514 2431 quem
530 2378 632 2427 dicebant,
647 2379 730 2421 Filium.
746 2393 821 2420 meram
836 2381 902 2420 Patris

56 2431 170 2492 ἐνέργειαν,
186 2436 320 2483 efficientiam,
336 2440 408 2484 actum,
424 2442 457 2475 aut
470 2435 614 2487 proprietatem
629 2430 788 2487 ἀνυπόστατον,
804 2450 845 2476 non
856 2451 902 2489 per-

56 2504 125 2533 sonam
139 2495 163 2534 ab
179 2507 202 2534 eo
217 2493 332 2533 distinctam
346 2491 419 2532 fuisse:
434 2492 520 2532 Verbum
534 2499 606 2540 autem,
622 2492 719 2544 Spiritum
734 2500 831 2540 sanctum,
846 2494 902 2535 Chri-

56 2556 107 2589 stum
123 2556 142 2590 et
157 2552 285 2598 Salvatorem,
300 2549 384 2589 totidem
398 2548 500 2601 spiritales
514 2555 596 2588 natmas
611 2555 630 2588 et
644 2562 752 2600 personas,
769 2550 854 2601 angelici
870 2565 902 2591 or-

57 2604 115 2655 dinis,
130 2621 141 2648 a
157 2607 278 2648 seinvicem
294 2606 405 2653 distinctas,
421 2610 441 2645 et
454 2605 476 2645 in
490 2609 581 2656 tempore
597 2606 693 2653 conditas,
709 2612 769 2658 atque
785 2607 852 2648 divina
868 2622 904 2649 seu

58 2669 140 2712 paterna
154 2665 212 2715 longe
227 2664 334 2704 inferiores
350 2662 461 2703 exstitisse:
477 2662 605 2714 Denaiurgum
621 2663 713 2714 denique,
729 2676 766 2703 seu
780 2665 850 2705 inurnti
860 2666 903 2718 opi-

56 2719 119 2769 ficem,
134 2722 225 2773 angelum
240 2726 260 2760 et
274 2721 340 2773 ipsum
348 2719 416 2767 fuisse,
433 2719 468 2759 sed
476 2719 643 2771 praecedentibus
653 2719 805 2770 ignobiliorem,
821 2723 855 2774 qui
866 2736 903 2762 nec

58 2773 78 2814 in
91 2778 210 2829 pleromate,
226 2777 310 2817 aliorum
326 2777 383 2824 sede,
402 2777 468 2816 locum
482 2775 576 2824 haberet,
599 2783 618 2816 et
634 2775 762 2818 densioribus
778 2778 903 2829 ignorantiae

58 2835 144 2874 tenebris
159 2835 264 2875 obvolutus
278 2839 336 2873 natus
351 2839 411 2873 esset.
440 2833 495 2873 llaec
510 2838 556 2873 suut
570 2833 844 2883 haereticorumcommenta,
853 2849 904 2888 quae

59 2891 177 2932 confutanda
192 2891 230 2931 sibi
245 2890 334 2942 suscepit
348 2890 449 2937 irenaeus,
466 2903 488 2930 ac
504 2895 545 2929 toto
562 2903 623 2942 opere
638 2890 714 2942 passim
731 2893 826 2932 ‹ainfatat

113 2949 147 2992 49,
176 2949 201 2988 Et
214 2948 279 3000 primo
295 2947 376 2999 quidem
391 2947 437 2999 quia
451 2946 547 2986 haeretici
561 2947 632 2995 variis,
652 2960 703 2999 qrrac
722 2950 798 3001 passim
814 2949 833 2988 iu
850 2951 904 2990 Scri-

58 3004 121 3051 pturis
136 3009 252 3053 occurnmt,
272 3003 346 3045 Christi
361 3009 381 3043 et
396 3003 455 3044 Verbi
470 3003 584 3044 uonunibus
600 3004 668 3054 aliosi,
688 3006 739 3045 male
754 3006 905 3060 distinguebant
