1936 3304
82 205 108 244 38
345 217 372 243 lo.
388 217 433 243 Eltrt.
450 216 516 243 GRABII
532 215 678 241 PROLEGOMENA

81 317 156 364 luisse;
171 323 231 369 prout
246 317 318 369 colligo
335 330 358 358 ex
372 317 467 369 Procopii
482 316 554 356 Gazaei
570 316 681 356 Comment.
697 316 718 354 iu
734 327 777 366 cap.
794 315 812 355 3.
833 314 934 356 Geneseos

81 386 127 426 pag.
143 374 177 414 76.
192 375 227 415 ubi
243 387 266 415 ea
282 387 332 426 quae
348 383 417 414 auctor
432 379 501 413 noster
515 373 551 414 lib.
567 386 597 412 ur.
613 386 657 424 cap.
674 373 708 413 37.
724 373 748 412 de
764 370 849 423 pelliceo
864 371 934 413 Adami

80 431 201 471 vestimento
217 432 285 479 docet,
309 436 404 483 tanquam
420 444 463 483 cap.
480 429 512 471 59.
529 429 703 470 excoctionem
722 428 769 468 libri
787 427 839 467 dicta
856 427 933 479 allegat.

140 491 159 539 ξ.
176 488 195 528 5.
212 489 303 529 Ceterum
319 489 343 527 de
359 489 458 528 dictorum
474 487 561 540 quinque
576 487 673 526 librorum
689 485 799 532 codicibus,
816 484 934 536 quibusuti-

81 557 132 593 mur,
149 545 214 597 aliqua
231 545 315 585 dicenda
330 550 413 585 restant.
452 545 548 586 Gvdetttto
568 544 651 584 codicem
670 542 712 583 lllS.
735 545 756 582 io
775 544 871 582 acicioerso
888 543 934 583 orbe

81 602 162 642 3311333
182 603 280 648 13313333,
300 602 332 641 331
353 603 455 649 retroibant,
475 602 541 653 inquit
559 601 636 641 clariss.
657 599 772 640 Dodtoellas
793 599 898 638 Dissertat.
916 612 933 639 v.

82 661 102 709 ξ.
119 659 152 699 11.
167 659 265 711 Equidem
280 658 425 698 reclamantes
439 659 460 698 in
476 658 632 698 commonitione
647 657 672 697 ad
686 657 772 697 lectores
788 668 836 695 suae
851 654 933 695 editioni

81 716 169 767 praefixa
184 716 245 755 relert
259 715 322 753 fuisse
338 715 445 766 quosdam,
466 715 498 767 qui
517 727 609 766 graecum
625 714 726 766 exemplar
744 712 764 751 in
784 712 890 752 venetiano
904 712 934 751 bi-

81 772 183 812 bliotlieca
198 785 220 812 se
234 771 308 822 legisse
324 772 390 811 testati
405 777 461 818 sunt,
477 772 567 823 aliosque
582 772 604 810 in
618 771 708 811 vaticana
718 770 783 823 visum
799 769 885 816 dixisse3
901 770 934 809 ad-

83 829 112 868 dit
126 836 200 875 tunica,
216 842 238 869 33
252 830 281 869 idi
293 828 376 879 sinistro
391 832 480 881 quaesito
495 841 544 868 esse.
566 828 636 880 Neque
650 827 739 882 nunciat
758 826 847 866 vaticana
862 825 934 865 biblio-

82 886 140 926 theca
156 897 247 936 graecum
267 885 371 924 Irenaeum
386 885 477 938 reperiri,
492 898 529 938 per
536 885 613 924 litteras
629 882 734 925 certiorem
749 896 781 923 me
797 883 845 923 lecit
860 883 935 934 dignis-

82 942 145 982 sinms
160 943 213 982 illius
228 942 348 994 praefectos,
369 942 405 982 lln.
421 943 542 983 Lotcreotius
557 942 673 982 Alcacooder
687 942 808 992 locogeiaco·
825 941 849 980 de
859 941 935 980 veneti-

82 1011 118 1038 ana
134 1011 181 1038 vero
197 1005 265 1039 exacte
280 999 394 1051 inquirendi
410 999 489 1039 occasio
504 999 554 1039 milri
570 999 639 1039 delicit.
655 999 694 1038 Per
708 998 800 1038 33311333
816 1003 881 1037 autem
894 997 934 1037 Ire·

81 1055 127 1094 naei
143 1056 226 1096 codicem
240 1068 333 1108 praecocem
352 1056 450 1096 intellexit
467 1056 538 1108 procul
553 1056 614 1096 dubio
629 1056 660 1095 vir
671 1055 814 1095 autelaudatas
829 1054 935 1094 maximam

81 1112 127 1151 libri
142 1125 156 1151 1.
171 1118 255 1165 partem,
271 1112 292 1152 in
307 1113 416 1166 Eprplcooic'
428 1113 514 1153 Panario
534 1118 603 1153 contra
624 1113 719 1153 haereses
739 1123 809 1162 graece
829 1123 934 1151 conserva-

83 1174 128 1216 tam,
143 1182 181 1210 nec
196 1183 238 1209 non
253 1170 291 1210 alia
305 1170 363 1221 plura
378 1171 488 1221 fragmenta
503 1170 526 1209 ab
538 1170 628 1217 Eicsebio,
642 1169 769 1215 Theodoram,
785 1175 820 1208 etc.
836 1176 934 1220 excerpta,

82 1225 167 1265 maxime
183 1240 194 1266 a
209 1227 287 1267 133333
302 1227 425 1267 1133333333
440 1227 462 1266 13
476 1227 534 1267 libris
549 1227 705 1274 Porcdlclorum,
721 1238 771 1278 quos
780 1225 890 1277 inscripsit,
905 1226 935 1265 vel

83 1283 107 1322 ab
122 1283 195 1323 horam
214 1283 364 1334 interpolatore.
397 1284 438 1323 lsta
457 1284 510 1324 enim
530 1296 580 1335 quae
599 1284 620 1323 in
640 1282 796 1323 claromontanis
814 1282 935 1322 membranis

83 1344 138 1379 exsta
146 1340 245 1380 ntlreuaei
261 1340 320 1384 dicta,
336 1340 359 1379 ab
375 1340 420 1392 ipso
428 1341 503 1380 Ioanne
516 1341 639 1380 Darriasceno
654 1340 729 1380 inserta
745 1352 790 1379 esse
804 1339 844 1378 iam
860 1338 935 1387 dubito,

84 1396 130 1447 quia
146 1409 184 1436 nec
199 1396 220 1435 in
235 1396 296 1436 latina
315 1397 457 1437 Parallelorum
477 1398 562 1436 istorum
579 1398 672 1437 versione
687 1410 698 1437 a
711 1396 772 1437 Billio
788 1396 847 1444 edita,
863 1408 900 1436 nec
914 1396 935 1435 in

81 1453 122 1494 lllS.
138 1453 228 1493 vaticano
249 1453 318 1494 codice
334 1465 405 1504 graeco
425 1467 448 1494 ea
471 1454 609 1506 reperiuntur,
625 1454 642 1494 si
657 1455 728 1495 breves
744 1453 840 1505 quasdam
855 1458 935 1493 senten-

82 1509 121 1549 tias
137 1510 232 1562 excipias.
261 1510 350 1559 Accedit,
371 1511 424 1562 quod
443 1511 464 1550 in
482 1511 579 1563 pericope
594 1512 619 1551 dc
634 1512 716 1551 nomine
730 1509 848 1550 Anticlrristi
867 1510 901 1549 lib.
917 1523 934 1549 v.

83 1579 126 1618 cap.
143 1566 175 1606 30.
191 1567 236 1606 loco
256 1567 338 1607 ultimae
357 1568 498 1619 appellationis
514 1563 601 1618 Terede,
620 1581 679 1620 cluam
695 1567 762 1607 omnia
776 1567 854 1607 lrenaei
870 1579 935 1607 exeni-

82 1623 146 1675 plaria
161 1624 246 1671 babent,
267 1629 287 1663 et
304 1624 382 1675 integer
402 1629 506 1665 contextus
525 1625 640 1674 confirmat,
659 1625 681 1664 iu
700 1625 850 1665 claromontano
866 1623 935 1664 codice

82 1680 160 1731 legatur
173 1676 300 1729 Hooioaog.
333 1681 393 1733 Atqui
411 1682 450 1721 hoc
469 1682 549 1733 quidem
568 1694 642 1721 nomen
661 1682 699 1721 luit
717 1681 785 1722 ludaei
800 1681 935 1729 Alexandrini,

83 1750 142 1789 quem
158 1750 202 1776 cum
218 1738 288 1777 lasone
303 1737 412 1777 christiano
432 1738 566 1790 disputantem
584 1739 742 1791 repraesentavit
760 1738 828 1778 rlrc'sto
844 1737 936 1778 Pellaeus

83 1795 116 1841 (dc
131 1806 170 1845 quo
186 1794 231 1834 vide
247 1793 376 1846 Spicilegium
390 1799 470 1847 patrum
485 1795 560 1835 saeculi
576 1808 597 1834 11.
616 1808 661 1847 pag.
682 1795 729 1836 127.
745 1797 796 1847 seq.)
813 1807 835 1834 ac
850 1795 936 1846 proinde

81 1851 212 1900 Antichristo,
232 1864 255 1891 ex
274 1851 363 1890 unanimi
381 1852 480 1892 sententia
497 1858 577 1904 patrum
597 1853 667 1893 itidem
690 1853 774 1899 Iudaeo,
796 1865 820 1892 ac
838 1851 935 1892 acerrimo

84 1907 242 1947 Christianorum
257 1907 309 1947 hosti
325 1908 398 1956 future,
418 1909 466 1948 satis
482 1914 556 1961 aptum.
589 1910 681 1949 Attamen
695 1909 770 1949 nullam
784 1908 874 1948 invenire
888 1921 935 1961 pos-

83 1977 127 2003 sum
142 1965 247 2012 rationem,
264 1977 325 2016 quare
340 1966 378 2005 1333
393 1966 460 2017 potios
475 1979 555 2014 nomen,
571 1966 634 2006 altero
644 1966 719 2007 Titanis
733 1966 820 2013 reiecto,
836 1965 862 2005 sit
879 1978 935 2005 acce-

82 2026 145 2073 ptum,
162 2027 181 2061 et
189 2034 233 2061 ctrua
242 2021 286 2070 alio,
299 2022 417 2071 Accraioog,
432 2023 564 2072 recensitunm
579 2023 619 2063 nisi
635 2024 688 2076 quod
700 2025 752 2063 forte
766 2023 866 2063 recentior
881 2022 935 2075 quis-

83 2078 138 2130 piam
154 2078 252 2128 Graecus,
267 2091 371 2118 romanum
386 2080 512 2131 pontificem,
529 2085 562 2119 aut
577 2081 661 2128 factam,
681 2086 715 2120 aut
733 2081 821 2120 futurum
835 2080 936 2119 Antichri-

84 2142 137 2174 stum
153 2135 251 2187 opinatus,
268 2135 407 2175 diminutivum
421 2137 509 2176 nominis
523 2137 590 2189 Papae
601 2133 733 2187 Παπείσκος
748 2137 766 2177 31
783 2137 935 2176 accommodan-

85 2192 133 2231 dum
149 2192 232 2232 duxerit.
263 2192 316 2239 Quas
335 2206 390 2233 meas
414 2194 439 2233 de
457 2194 612 2246 interpolatione
631 2194 776 2234 claromontani
793 2194 936 2233 Parallelorum

84 2248 161 2289 codicis
185 2249 310 2289 coniecturas
332 2250 371 2289 hoc
393 2250 438 2289 loco
458 2263 572 2303 proponere
588 2251 649 2300 volui,
672 2252 718 2304 quia
736 2251 757 2290 in
777 2251 830 2290 notis
850 2264 935 2303 semper,

85 2311 180 2358 quantum
195 2306 283 2354 memini,
303 2306 343 2358 ipsi
361 2307 485 2347 Damascene
500 2308 639 2348 collectionem
655 2320 771 2359 graecorum
796 2308 881 2347 istorum
895 2308 936 2348 lre-

83 2363 129 2403 naei
144 2364 300 2414 fragmentorum
315 2363 420 2415 adscripsi.
456 2364 628 2417 Acuiusouioque
648 2370 713 2405 autem
730 2377 791 2406 manu
809 2377 832 2404 33
846 2366 936 2417 prolecta

84 2420 164 2468 luerint,
180 2420 210 2459 illi
222 2433 271 2460 sane
285 2420 357 2459 multas
373 2420 467 2460 debemus
483 2421 563 2472 gratias,
579 2422 638 2474 quod,
655 2422 743 2475 quintam
753 2422 794 2462 fere
808 2421 855 2461 libri
870 2422 935 2462 3133-

85 2477 130 2516 3331
144 2483 221 2529 partem
237 2490 308 2529 graece
323 2477 382 2517 nobis
398 2479 555 2528 conservaverim
575 2485 596 2519 ut
610 2480 635 2520 de
650 2493 671 2519 n.
684 2485 704 2519 et
718 2493 743 2519 iv.
758 2479 805 2519 libri
819 2479 936 2531 [raginentis

85 2534 114 2572 nil
128 2534 199 2574 dicam.

143 2593 162 2640 ξ.
179 2591 197 2631 6.
212 2592 283 2631 Latina
298 2592 384 2644 denique
400 2593 520 2645 exemplaria
535 2593 552 2633 si
568 2599 653 2646 spectes
669 2594 728 2642 istud,
745 2593 798 2646 (pund
813 2593 865 2634 inter
879 2595 935 2635 MSS.

85 2646 155 2687 133331
169 2647 235 2688 Vossii
247 2649 310 2688 libros
325 2654 421 2698 servatur,
441 2651 535 2703 quodque
549 2651 603 2691 idem
623 2664 667 2691 curn
683 2650 744 2691 veteri
759 2651 889 2692 1333333333ι
902 2665 936 2692 33-

86 2703 131 2743 dice
147 2717 191 2744 esse
206 2706 274 2752 fertur,
290 2718 326 2756 ego
341 2719 389 2746 vero
405 2707 430 2746 ob
444 2707 544 2747 variantes
560 2709 656 2760 quasdam
670 2708 766 2748 lectiones
776 2707 877 2748 diversum
891 2721 936 2748 esse

87 2760 179 2809 arbitror,
195 2774 232 2812 pro
247 2763 336 2813 perlecto
357 2776 380 2803 ac
398 2764 453 2803 nulla
471 2771 527 2816 parte
542 2765 612 2804 nautilo
628 2765 688 2805 habet
701 2765 732 2805 vir
746 2764 875 2805 doctissimus
890 2766 936 2805 loco

86 2818 153 2870 paullo
169 2825 215 2858 ante
230 2819 296 2858 citato.
325 2820 354 2860 Ac
373 2821 397 2860 de
416 2821 487 2872 primis
507 2826 592 2872 quatuor
607 2822 688 2874 quidem
702 2822 759 2863 libris
775 2821 796 2860 id
809 2822 936 2862 verissimum

87 2880 123 2919 est,
140 2879 222 2927 excepto
237 2875 297 2915 tritico
313 2877 364 2916 forte
385 2878 430 2917 loco
449 2890 494 2929 pag.
510 2878 558 2918 219.
575 2879 612 2918 eol.
629 2878 648 2918 2.
663 2880 699 2919 lin.
714 2880 748 2920 26.
765 2879 817 2930 (pag.
834 2878 936 2920 13333.

86 2931 105 2970 2.
121 2932 156 2971 lin.
173 2931 200 2983 5.)
216 2933 256 2972 Sed
270 2932 343 2973 librani
357 2947 375 2974 v.
390 2934 411 2974 in
426 2936 466 2974 fine
480 2948 551 2986 magua
566 2941 623 2987 parte
637 2937 729 2977 mutilum
744 2948 795 2983 esse,
811 2937 864 2977 haud
879 2936 936 2977 dubi-

87 2995 175 3028 larome
190 2990 238 3029 siuit
253 2989 296 3029 eius
311 2991 408 3041 praelatio
425 2992 500 3032 etlibri
516 3006 541 3031 iv.
557 2994 667 3034 conclusio.
683 2995 718 3034 Illa
734 2993 808 3046 quippe
824 2994 850 3034 ita
867 2999 934 3033 sonat:

87 3046 221 3098 rllomfcstotis
238 3047 297 3096 (libro
313 3050 346 3094 iv.)
360 3048 465 3100 pluribus,
482 3063 531 3103 qccoo
546 3064 557 3090 3
573 3050 834 3104 1133333333333313133
850 3060 868 3092 et
885 3052 936 3091 dicto
