1936 3304
393 171 418 198 ue
433 170 514 199 innuunt
529 171 580 198 turn.
875 157 914 199 185

119 273 138 312 5.
169 272 268 320 Quantum
284 272 380 325 temporis
395 273 415 312 in
429 272 511 313 Oriente
526 270 690 318 uersatusluerit,
705 276 844 322 postquamex
853 272 914 324 ephe-

62 330 93 369 his
108 329 195 370 excessit
208 329 309 377 Irenaeus,
325 330 397 382 quidve
412 329 487 369 ibidem
503 329 594 381 gesserit.
610 341 635 368 an
650 339 718 367 sacras
734 328 848 369 structiones
859 329 914 369 chie-

63 387 98 433 rit,
113 387 145 427 rel
161 385 246 425 docendi
260 399 332 426 munus
348 385 470 438 susceperit,
486 385 598 426 tacentibus
613 385 714 426 veteribus
729 384 769 424 dici
784 398 826 424 non
840 392 914 437 potest.

63 440 196 493 tlaltoixius1)
216 442 296 494 quidem
318 456 363 484 eum
384 443 436 483 inter
457 454 526 483 sacros
547 443 652 483 ministros
670 442 771 482 adlectum
790 449 810 482 et
828 442 914 492 diaconi,

63 500 124 540 immo
140 505 160 539 et
173 500 285 553 presbyteri
304 513 387 540 munere
408 500 523 539 decoratum
542 512 552 538 a
567 500 677 551 Polycarpo
693 499 757 540 luisse
772 500 856 549 asserit,
879 501 915 540 sed

63 557 118 597 nullo
138 556 262 608 antiquitatis
282 557 397 597 testimonio
416 556 486 596 fretus.
517 555 556 603 Qui
578 569 628 608 puer
645 557 777 609 Polycarpum
800 556 840 596 iam
858 557 915 598 valde

64 625 133 654 senem
149 613 220 661 audiit,
241 614 274 654 diu
290 614 339 654 satis
354 626 399 653 cum
415 625 438 652 eo
454 613 573 653 commorari
588 625 628 652 non
644 613 734 665 potuisse
749 614 837 662 videtur,
858 621 879 654 ut
895 614 915 654 in

64 670 127 710 sacris
143 671 240 711 ecclesiae
255 671 349 723 gradibus
365 670 459 711 collocari
475 670 499 710 ab
514 669 549 709 illo
564 670 659 722 potuerit.
687 670 708 710 Si
724 671 769 722 quis
784 676 852 712 tamen
867 684 914 711 con-

64 728 160 776 tenderet,
175 728 279 768 Irenaeum
294 728 351 780 prius
366 727 390 767 ab
407 727 503 779 episeopo
519 726 614 779 qrropiam
633 726 725 767 orientali
738 727 845 768 diaconum
852 728 915 769 fuisse

64 784 184 833 ordinatum,
200 797 259 837 quarn
273 785 295 824 in
310 784 384 824 Gallias
398 784 517 828 mitteretur,
532 784 585 824 haud
600 784 650 824 adeo
665 796 808 836 repugnarem:
823 786 916 826 rixeuim

64 841 183 882 crediderim
198 842 272 881 laicum
287 854 310 881 eo
326 841 447 882 destinatum
462 841 531 888 luisse,
548 841 581 893 qui
596 840 641 881 illas
655 841 749 892 regiones
760 842 857 893 evangelii
871 843 916 884 luce

65 898 198 940 collustraret.
229 900 254 938 At
268 898 319 939 intra
335 899 462 938 coniecturae
476 906 540 938 metas
559 898 619 948 sisto,
642 898 693 938 nihil
711 898 755 938 sine
773 898 917 940 historicorum

64 960 238 996 monumentorum
253 955 293 996 tide
307 961 382 996 temere
397 955 535 996 affirmandum
550 961 612 996 ratus.
641 955 693 995 lllud
708 960 793 1004 certum,
811 956 917 997 Irenaeum

66 1012 86 1052 iu
102 1011 175 1052 Gallias
190 1013 308 1065 protectum,
323 1013 442 1064 Lugdunum
456 1012 546 1053 venisse:
570 1012 649 1064 quando
667 1025 728 1061 vero,
750 1027 761 1053 a
781 1026 819 1065 qtro
839 1020 859 1054 et
878 1027 916 1066 qua

66 1069 173 1109 occasione
191 1070 266 1110 missus
287 1070 361 1117 suerit,
382 1070 481 1109 incertum
500 1082 590 1121 prorsus.
627 1070 643 1109 A
666 1082 683 1109 s.
701 1069 812 1122 Polycarpo
831 1071 916 1111 missum

66 1126 128 1166 luisse
143 1126 214 1167 scribit
229 1126 337 1178 Gregorius
352 1126 476 1166 Turonensis
483 1124 511 1176 Ἄ);
527 1126 581 1179 quod
595 1126 670 1166 lactum
678 1131 736 1178 putat
744 1126 855 1167 Halloiuiuc
863 1128 916 1168 eirca

66 1195 140 1222 annum
156 1182 203 1224 157.
219 1190 260 1223 tum
276 1196 336 1236 quirin
350 1184 426 1223 Romae
441 1183 523 1234 degeret
536 1183 668 1235 Polycarpus,
690 1196 729 1235 qtro
744 1189 826 1224 venerat
839 1185 918 1225 Aniceti

67 1240 197 1292 temporibus.
227 1241 266 1282 Sed
281 1240 349 1280 iunior
368 1246 415 1280 tunc
433 1239 496 1280 tuisse
510 1239 589 1280 videtur
602 1240 704 1289 Irenaeus,
719 1245 742 1281 ut
755 1241 808 1281 mitti
823 1241 918 1294 potuerit.

67 1296 152 1337 Tardius
166 1297 227 1349 igitur
241 1298 325 1337 missum
339 1302 399 1350 puto,
424 1296 513 1349 qtramris
529 1310 568 1350 quo
584 1310 636 1337 anno
652 1303 672 1337 et
687 1309 697 1336 a
713 1309 766 1350 qtae,
782 1298 866 1339 definire
880 1312 919 1339 nec

66 1354 137 1402 ausim,
152 1366 191 1394 uec
204 1354 282 1407 possim
291 1352 314 1405 ³).
599 1375 600 1378 ¹

124 1412 144 1451 6.
173 1413 190 1452 Α
208 1425 224 1451 s.
240 1412 326 1452 Pothino
345 1411 465 1463 lugdunensi
483 1410 580 1463 episcopo
599 1411 712 1451 ordinatum
730 1411 793 1451 luisse
815 1412 918 1464 preshyte-

67 1481 117 1517 rum,
134 1481 157 1509 ex
171 1466 310 1520 Hieronpni4)
329 1468 395 1509 verbis
414 1468 489 1508 inferre
508 1468 565 1507 licet:
589 1481 634 1507 eune
653 1468 707 1508 enim
726 1468 809 1510 Pothini
826 1473 919 1522 episcopi,

67 1529 102 1578 qeta'
116 1525 257 1577 lngdaneusem
271 1529 293 1566 m
308 1525 374 1566 Guttae
389 1526 469 1577 repebat
482 1525 593 1571 ecclesium,
615 1526 755 1577 presbyteram
768 1531 832 1566 uocat.
864 1527 919 1574 Quae

68 1582 181 1633 significare
195 1583 294 1631 videntur,
309 1582 427 1631 Pothinum,
447 1595 484 1634 pro
503 1594 559 1622 more
574 1581 608 1634 qui
624 1582 697 1622 dudum
713 1581 734 1621 iu
749 1583 836 1623 ecelesia
850 1583 918 1635 riguit,

68 1652 104 1692 per
119 1639 270 1692 impositionem
283 1652 379 1680 manuum
398 1639 437 1679 sihi
456 1646 476 1678 et
494 1638 592 1679 ecclesiae
611 1652 659 1679 suae
676 1638 790 1680 vindicasse
806 1652 829 1680 ac
844 1640 919 1680 manci-

67 1709 128 1748 passe
142 1696 257 1737 irenaeum:
274 1709 333 1749 quem
348 1709 392 1737 earn
408 1695 433 1736 ob
448 1709 492 1736 rem
505 1695 605 1736 Eusebius
611 1694 627 1747 5)
643 1696 731 1748 appellat
740 1698 920 1749 presbyterumet-

70 1753 140 1794 clesiae
155 1754 291 1806 lugdunensis.
307 1754 363 1802 Quae
377 1766 448 1793 vanam
463 1766 508 1794 esse
524 1753 632 1793 ostendunt
645 1752 780 1793 recentiorum
795 1755 921 1807 quorundam

69 1810 214 1859 coniecturam,
236 1812 341 1851 Irenaeum
360 1810 452 1862 angelum
471 1810 527 1850 illum
546 1822 601 1857 esse,
623 1809 666 1850 sire
684 1809 803 1863 episcopum
823 1812 921 1852 ecclesiae

70 1867 214 1920 Thyatireusis,
230 1867 250 1908 in
265 1867 386 1921 Apocalypsi
400 1867 482 1907 loannis
498 1866 634 1918 designatum:
650 1880 675 1907 ne
686 1873 782 1919 repetam,
799 1868 920 1921 quodsupe-

69 1924 111 1965 rius
126 1925 223 1977 probavi,
245 1937 291 1965 eum
309 1938 350 1964 uon
369 1924 409 1965 nisi
428 1931 475 1976 post
493 1923 567 1964 multos
587 1937 597 1963 a
617 1924 692 1976 scripta
706 1925 827 1977 Apocalypsi
842 1931 862 1966 et
877 1925 921 1979 ipsa

70 1986 135 2022 morte
149 1981 231 2022 loannis
247 1994 310 2022 anuos
325 1986 394 2022 natum
409 1994 460 2021 esse.
479 1981 543 2028 Quam
557 1981 660 2032 praeclare
676 1993 721 2021 sese
736 1981 757 2021 in
772 1982 922 2035 presbyteratus

70 2051 153 2079 munere
168 2039 262 2090 gesserit,
285 2038 334 2079 satis
349 2038 436 2091 probant
450 2051 473 2077 ea
489 2037 561 2089 quihus
576 2039 671 2088 pietatem
686 2038 729 2077 eius
749 2039 923 2080 ardentissimum-

71 2109 110 2148 que
125 2095 246 2136 christianae
259 2095 310 2146 legis
329 2095 415 2136 tuendae
434 2100 493 2147 atque
512 2094 664 2146 amplificandae
679 2094 767 2135 studium
782 2098 924 2137 commendant

70 2158 178 2206 martyrum
193 2152 347 2204 lugdunensium
361 2153 434 2201 verba,
448 2151 517 2192 brevia
532 2151 622 2204 quidem,
642 2152 678 2191 sed
694 2152 845 2200 efficacissima,
861 2153 922 2194 iniis

72 2222 121 2262 quas
136 2210 161 2250 ad
175 2210 305 2250 Eleutherum
319 2222 392 2262 papam
407 2208 499 2249 scribunt
513 2208 614 2260 epistolis,
630 2221 679 2261 (pras
694 2209 824 2261 perferendas
839 2210 923 2250 lreuaec

71 2266 202 2307 tradiderant.
233 2267 258 2307 Te
269 2280 308 2319 per
323 2270 390 2307 omnm
404 2279 427 2306 oc
438 2273 537 2319 perpetuo
553 2273 644 2318 optemus
659 2268 681 2306 tn
695 2266 780 2308 Domine
795 2266 869 2314 volere,
883 2281 923 2320 pu-

72 2333 104 2365 ter
117 2324 230 2365 Eleuthere.
259 2324 303 2364 Has
319 2324 435 2364 litterasue
450 2323 476 2363 ud
491 2330 509 2364 te
521 2324 631 2375 perferret,
646 2323 733 2375 fratrem
749 2330 768 2364 et
778 2324 870 2376 collegam
885 2337 924 2365 no-

72 2389 139 2422 strum
152 2380 258 2422 Ireneenm
273 2381 351 2421 horrete·
363 2393 440 2420 serenus.
469 2380 531 2428 Quem
546 2380 623 2432 pm'dem
636 2386 660 2419 ut
675 2380 830 2421 commendatum
845 2381 923 2427 habeas,

72 2451 177 2491 rogemus,
194 2444 264 2489 utpote
282 2437 424 2477 aemulatorem
440 2436 560 2476 Testamenti
578 2436 659 2476 Christi.
691 2436 750 2483 erod
765 2440 784 2476 se·
796 2437 854 2477 rachis
870 2450 923 2478 cont-

70 2503 152 2550 permm
166 2501 222 2541 esset,
239 2494 303 2534 lectam
319 2497 409 2545 cretaceum
423 2493 517 2544 coteserre
531 2495 639 2539 tristitiam,
656 2505 700 2532 eam
714 2499 808 2545 tunquam
817 2495 925 2547 presbyte-

73 2566 120 2593 rum
134 2552 226 2592 ecclesiae
246 2551 307 2600 (harae
326 2554 377 2590 emm
394 2549 479 2601 predum
498 2550 579 2599 obtinet)
595 2550 631 2589 teht
644 2551 666 2588 in
677 2551 751 2600 primis
768 2551 926 2592 commendasse-

72 2607 149 2661 musl).
179 2607 212 2649 Sio
226 2607 263 2648 illi.
292 2608 333 2648 Has
349 2606 430 2659 quidem
445 2605 540 2659 epistolas
556 2619 567 2645 a
581 2604 760 2658 martyribusipsis
767 2607 855 2659 scriptas
862 2608 926 2649 fuisse

74 2672 134 2719 negat
147 2662 292 2714 Blendellusll,
308 2664 344 2704 sed
358 2664 426 2716 potius
442 2675 453 2703 a
468 2663 521 2703 clero
536 2661 667 2713 lugdunensi:
684 2662 736 2714 quia,
752 2663 824 2716 inquit,
840 2678 892 2705 anno
905 2666 925 2706 7.

74 2723 155 2777 imperii
168 2721 243 2770 Marci,
266 2720 341 2762 Christi
360 2720 407 2762 167.
428 2733 467 2772 quo
486 2719 601 2772 martyrium
616 2718 697 2759 Pothini
719 2732 743 2760 ac
761 2720 927 2773 Lugdunensium

75 2780 165 2833 contigit,
178 2781 240 2821 Soter
253 2791 357 2818 romanam
372 2777 479 2818 ecclesiam
492 2777 585 2829 regebat,
600 2789 640 2816 non
654 2775 781 2818 Eleutherus.
812 2779 851 2819 Sed
869 2784 891 2819 ut
906 2778 926 2819 id

124 2929 138 2968 l)
151 2928 219 2963 Halloix.
231 2928 259 2960 vn.
272 2926 315 2959 lren.
328 2936 342 2958 c.
354 2925 370 2958 3.
406 2925 423 2966 2)
436 2927 482 2966 Greg.
495 2925 532 2958 Tur.
545 2925 585 2957 Htsc
597 2925 654 2958 Frauc-
667 2924 770 2959 1.t.e.29.
812 2924 828 2964 3)
841 2926 882 2957 Hull.
896 2925 927 2959 loc·

77 2975 103 3014 eit,
138 2974 155 3014 4)
167 2974 233 3007 llieron.
245 2974 260 3005 iu
274 2971 323 3005 Catal.
360 2971 447 3013 5)Euseh.
461 2971 552 3004 tunm
565 2970 606 3003 cl.
646 2968 733 3009 dlEuseh.
746 2971 784 3004 ibid.
820 2971 928 3012 llhlondell·

75 3020 121 3062 Apol.
133 3030 164 3063 pre
176 3025 218 3053 sent.
229 3019 294 3052 Hieron.
307 3029 320 3050 e.
334 3017 350 3051 8.
