1936 3304
478 499 530 546 tltt.

176 637 831 778 IOSEPHllUSMl'ASINUS

223 821 312 867 lLssQttu
328 820 490 858 erectoraeunu
506 821 784 859 rlunruaustseusreeus
830 858 832 861 ,

128 897 167 945 DE
189 897 306 946 laeuam
328 896 511 945 runcandus
536 898 555 944 A
575 897 619 945 CH.
637 898 742 946 ttarrfl.
760 898 879 947 ruarmo

375 987 460 1028 EDlTlS
475 986 634 1028 eleuabatur.

122 1102 202 1143 (Catalogi
214 1103 257 1136 uss.
270 1103 310 1135 bibl.
324 1102 367 1142 Regii
374 1102 478 1134 laurinensis
490 1101 572 1134 Athenaei.
596 1102 720 1135 Recensueruut
729 1103 761 1135 los.
774 1103 846 1135 Pasinus
855 1107 884 1136 etc.

351 1147 415 1180 Taurini
430 1146 478 1179 1749.
491 1147 520 1179 lel.
537 1148 554 1179 T.
568 1147 579 1178 l.
592 1157 608 1189 p.
620 1146 659 1187 tlt.)

135 1283 199 1333 Atque
213 1282 247 1322 bie
262 1282 361 1322 litteratos
376 1281 469 1321 homines
488 1281 576 1321 monitos
591 1281 682 1321 velumus
698 1283 723 1322 de
738 1283 855 1333 fragmentis
871 1295 930 1323 aneo-

78 1339 131 1379 dotis
148 1338 212 1379 sancti
227 1339 311 1386 irenaei,
328 1350 379 1390 quae
394 1350 455 1389 supra
469 1337 560 1378 laudatus
575 1338 659 1378 Plalfius
675 1338 738 1378 edidit
752 1338 820 1391 napae
834 1340 931 1380 Comitum

78 1408 130 1436 auno
152 1398 205 1437 1715
225 1402 320 1447 tanquam
340 1407 364 1434 ex
381 1394 442 1433 variis
457 1394 513 1434 tlss.
530 1394 638 1435 Codicibus
654 1395 813 1434 l'aurinensibus
833 1397 930 1436 desumta.

77 1453 119 1493 Nos
135 1452 189 1492 enim
203 1464 244 1492 nou
259 1452 380 1503 ignorantes,
397 1463 447 1502 quae
463 1450 487 1490 de
502 1451 540 1491 bac
555 1463 576 1490 re
586 1452 694 1503 scripserat
702 1451 727 1491 cl⁴
733 1451 830 1501 llalieius,
845 1453 931 1492 inaximo

78 1509 168 1550 adhibita
187 1509 290 1558 diligentia
309 1508 433 1558 intentisque
455 1507 519 1547 oculis
535 1520 570 1548 eos
585 1520 655 1547 omues
670 1508 801 1559 perlegimus,
821 1509 930 1560 inquibus

78 1567 159 1606 Patrum
175 1564 261 1605 Catenae
280 1565 414 1612 lraberentur3
434 1563 533 1615 siquidem
551 1577 575 1604 ex
593 1564 618 1604 iis
639 1564 718 1604 videtur
736 1564 819 1605 Plalfius
839 1578 931 1606 asserere

79 1636 101 1662 se
116 1635 140 1662 ea
155 1622 262 1662 sumsisse:
279 1627 298 1661 et
313 1634 339 1661 ne
354 1633 415 1661 unum
431 1621 513 1673 qtriclern
527 1621 609 1661 verbum
618 1620 731 1662 invenimus
740 1627 774 1661 aut
782 1622 863 1674 aliquid,
876 1621 930 1674 quod

78 1680 168 1732 proxime
184 1678 295 1719 accederet.
324 1678 417 1717 Plalfium
437 1677 517 1728 quidem
533 1677 610 1717 fraudis
626 1684 645 1717 et
660 1677 759 1717 mendacii
775 1690 858 1729 arguere
873 1679 930 1718 nolu-

78 1750 134 1784 mus,
155 1741 188 1776 aut
203 1736 257 1787 quod
271 1735 339 1774 invida
353 1746 415 1774 rnanu
429 1734 478 1773 lolia
493 1734 588 1774 avulserit
603 1739 638 1775 aut
653 1734 706 1786 quod
722 1734 802 1775 codices
818 1735 929 1775 abstulerit.
964 1762 967 1770 ⁴

78 1793 169 1832 Primum
189 1791 242 1831 enim
262 1803 351 1831 summae
367 1796 422 1830 esset
435 1790 583 1842 impudentiae3
603 1791 687 1831 alterum
703 1802 747 1830 cum
762 1804 803 1831 non
818 1793 929 1837 ferendum.

78 1856 121 1890 tum
136 1862 178 1889 non
193 1848 294 1888 effecisset
308 1847 335 1896 id,
351 1846 404 1899 quod
419 1846 547 1894 intendebam
560 1844 664 1898 'utromodo
681 1847 734 1887 enim
746 1848 791 1888 aliis
799 1849 885 1900 probare
894 1861 930 1901 po·
963 1898 965 1902 ι

79 1907 160 1953 tuimet,
184 1918 206 1945 se
228 1917 274 1944 vere
297 1917 320 1944 ea
341 1904 453 1955 fragmenta
475 1916 498 1943 ex
517 1903 676 1943 Taurinensibus
692 1903 799 1943 (lodicibus
818 1905 930 1955 collegisse.
961 1919 967 1958 a?

78 1964 169 2004 Tertium
184 1974 230 2001 vero
247 1973 292 2001 esse
307 1961 383 2012 nequit,
400 1961 446 2010 quia
462 1972 486 1999 ex
500 1959 588 2011 antiquis
604 1960 670 2010 regiae
686 1959 819 2000 bibliothecae
835 1961 930 2012 catalogis
966 1999 968 2003 ,

79 2033 120 2061 uon
135 2023 219 2064 constat,
234 2018 296 2057 ullum
312 2016 423 2057 desiderari
431 2016 532 2057 Codieem.
561 2017 621 2057 Forte
637 2016 657 2056 in
672 2015 742 2056 ultima
757 2029 797 2056 non
810 2014 880 2058 'ruultis
896 2018 931 2057 ab·

79 2078 126 2117 binc
141 2075 199 2116 annis
215 2074 311 2114 Codicum
327 2074 466 2125 compactione
481 2085 505 2112 er
519 2072 596 2113 incuria
611 2077 631 2113 et
645 2073 758 2124 ignorantia
772 2073 882 2126 bibliopegi
894 2074 931 2114 ali·
961 2067 964 2111 l

80 2146 119 2185 qua
135 2131 245 2172 exciderint
260 2130 319 2177 lolia,
337 2130 372 2169 ubi
390 2131 440 2171 haec
455 2129 593 2181 reperirentur
607 2130 724 2181 fragmenta.
754 2130 794 2170 Sed
809 2143 845 2170 eur
859 2131 930 2170 saltem
962 2157 963 2163 .

79 2190 163 2231 Plalbus
172 2188 257 2227 Codices
272 2187 391 2226 nominatim
405 2199 446 2226 non
460 2185 562 2234 indicavit,
578 2186 660 2225 undeea
669 2185 771 2234 desumsit,
788 2186 930 2238 quumsinguli
962 2201 964 2246 p

80 2247 123 2286 suis
138 2244 228 2285 distincti
244 2248 313 2283 essent
328 2241 397 2282 noiist
416 2248 436 2282 et
451 2253 486 2281 cur
501 2243 612 2294 scripturae
627 2241 700 2281 librum
716 2255 739 2282 ac
754 2247 829 2283 textum
843 2244 930 2289 reticuit,
962 2256 965 2289 a

79 2303 113 2344 eui
129 2301 219 2342 subiecta
235 2304 298 2346 esset,
321 2311 380 2351 quam
395 2299 463 2345 affert,
478 2299 542 2338 sancti
557 2297 635 2338 Irenaei
650 2297 806 2338 commentatio?
836 2300 894 2340 Certe
909 2300 930 2339 id
963 2291 967 2341 l

79 2360 177 2414 perlicere
192 2356 307 2404 debuisset,
321 2360 344 2395 ut
358 2368 370 2395 3
385 2367 407 2394 se
422 2354 507 2394 irruentis
523 2353 646 2394 sanctissimi
661 2354 723 2405 patris
739 2355 855 2406 fragmentis
870 2356 930 2396 fidem

80 2422 100 2458 et
115 2415 252 2459 auctoritatem
268 2412 392 2452 coriciliaret.
421 2412 530 2462 Perporarn
545 2416 609 2452 autem
620 2411 710 2451 confudit
723 2407 840 2465 πατερικά,
855 2425 931 2468 γερον-

80 2472 138 2526 τικά,
154 2465 296 2526 λειμωνάρια,
318 2463 471 2523 παραδείσους
485 2479 530 2507 cum
546 2467 625 2508 Catenis
640 2467 727 2507 Patroni.
757 2468 793 2508 Illa
808 2469 862 2508 enirn
877 2469 930 2509 dieta

81 2539 101 2573 et
119 2533 171 2572 lacta
189 2531 301 2569 merueratu
320 2526 378 2575 digna
398 2524 457 2564 nobis
476 2529 627 2575 repraesentant
645 2532 733 2565 veterum
749 2525 839 2573 Petrum,
860 2538 929 2565 eorum

81 2589 195 2643 praecipue,
212 2583 246 2637 qiu
261 2582 360 2623 asceticae
375 2580 427 2621 vitae
441 2580 533 2619 instituto
549 2580 669 2620 claruerunt.
697 2581 739 2622 Hae
753 2594 800 2622 vero
808 2581 929 2633 multiplices

81 2647 172 2688 eiusdem
187 2646 250 2688 [artus
265 2640 377 2692 scripturae
392 2637 539 2689 amplectuntur
553 2638 739 2690 interpretationes,
759 2651 809 2690 utrae
824 2638 845 2678 in
861 2650 929 2678 eorum

81 2699 238 2746 mammatffiis,
254 2702 288 2738 aut
302 2695 348 2737 aliis
362 2693 421 2734 libris
436 2701 550 2734 occurrunt.
