1936 3304
400 182 517 210 ruaseurro.
861 170 887 211 dl

34 293 135 347 plectatur,
151 284 215 323 lector
229 296 269 323 urio
285 284 338 324 velut
352 284 426 325 intuitu
441 284 559 337 conspiciat.
589 281 619 322 Ne
636 289 711 329 tamen,
732 282 765 334 qui
780 284 842 323 reteri
857 284 889 324 dt

34 346 104 390 visioni
120 343 140 382 in
156 340 242 380 citandis
258 341 357 393 capitibus
373 342 447 381 assueti
464 346 516 388 sunt,
532 354 556 380 ex
571 352 622 379 nova
638 338 753 387 tortiones-3
772 340 897 393 Feuardenss„

35 407 92 449 tiana,
108 411 158 452 quae
173 397 212 436 iam
228 398 359 446 communior,
376 400 399 438 ad
416 398 527 450 marginem
542 402 620 437 serrata
635 401 671 444 est,
688 409 733 437 cuns
749 396 852 437 asteriscis
867 398 887 437 in

36 465 95 505 textu,
120 455 192 508 quibus
213 454 419 495 Feuardentianorum
442 455 529 507 capitum
552 454 631 493 initium
655 459 674 494 et
695 454 742 494 finis
765 454 887 505 designetur,

36 526 115 571 quorum
141 512 200 551 etiam
224 518 338 563 argumenta
362 512 439 563 integra
462 512 520 552 initio
545 512 612 564 operis
632 517 747 564 comparata
766 524 811 551 cum
830 512 888 552 novis

36 572 156 616 exhibentur.
589 583 591 585 ·

87 627 175 668 Alterum
192 626 245 677 quod
260 638 296 677 pro
313 624 375 664 oflicii
390 626 468 665 ratione
484 626 582 676 agendum
597 625 645 664 mihi
661 624 887 672 hacineditioneduxi,

36 691 97 728 textus
112 682 265 723 illustrationem
280 687 365 734 spectat.
396 682 460 730 Quum
477 682 530 722 enim
545 683 576 723 vel
591 696 615 723 ex
629 682 708 721 tractati
717 681 828 734 argumenti
836 682 888 722 difli-

36 744 114 788 cultata,
133 739 165 780 vel
184 752 208 779 ex
232 739 290 779 latini
308 739 425 792 interpretis
440 739 551 792 imperitia,
575 739 731 779 obscurissimus
746 739 847 779 interdum
862 739 889 778 sit

36 803 138 844 lreuaeus3
154 801 228 836 textum
244 796 351 836 emendare
367 797 568 849 emendationemque
582 797 680 836 rationein
689 797 774 836 reddere
783 796 832 835 satis
844 809 888 837 esse

36 869 73 898 non
87 853 197 901 videbatur,
213 853 253 892 nisi
269 853 328 893 etiam
344 853 408 905 caligo
424 854 489 894 verbis
505 855 570 895 offusa
585 853 731 906 dispelleretur.
765 853 833 893 hlonet
847 853 888 893 Ire-

35 925 93 955 naeus
113 911 157 963 ipse
167 908 188 960 ¹),
205 914 397 962 portentuosissima
416 919 435 951 ot
453 912 552 951 altisssissss
571 924 614 951 csse
629 911 770 950 Gnosticorum
785 914 888 962 lapsioris,

36 983 82 1024 queo
99 981 141 1008 nost
160 980 227 1007 onssscs
247 971 335 1020 erepsisset.
368 968 423 1008 Haec
443 968 533 1020 quidem,
554 981 613 1020 quam
633 967 720 1008 dilucide
740 967 785 1007 lieri
803 973 888 1019 poterat,

36 1026 98 1079 aperit
112 1029 132 1065 et
146 1024 240 1070 confutat,
257 1025 326 1077 sicque
341 1032 383 1064 toto
399 1038 460 1077 opere
475 1025 591 1072 insectatur,
607 1030 628 1064 ut
643 1025 667 1064 ab
683 1025 709 1064 iis
724 1037 833 1077 numquam
841 1038 888 1064 ocu-

37 1086 65 1124 los
80 1087 163 1129 avertat,
180 1081 209 1120 ita
223 1087 288 1121 tanten
304 1082 373 1133 utqui
389 1083 421 1122 his
437 1082 458 1122 in
473 1083 533 1122 rebus
548 1081 678 1121 mediocriter
692 1082 766 1121 versati
782 1086 838 1130 suut,
857 1088 888 1121 to-

37 1147 114 1192 tumque
136 1144 177 1178 tum
193 1139 281 1178 auctoris
296 1151 390 1191 scopum,
413 1145 455 1179 tum
476 1139 635 1178 adversariorum
654 1138 697 1178 eius
712 1138 834 1191 hypothesin
848 1151 889 1178 non

36 1197 82 1237 satis
97 1201 171 1235 attente
186 1196 324 1244 considerant,
340 1196 440 1236 interdum
455 1196 517 1235 animi
532 1197 642 1248 pendeant,
665 1195 737 1235 incerti
751 1195 783 1235 vel
799 1195 846 1247 quid
862 1196 888 1234 si-

37 1253 127 1305 gnificent
142 1252 257 1292 salebrosae
273 1258 293 1292 ct
308 1253 412 1301 obscurae,
428 1254 464 1292 sed
480 1258 501 1292 ut
515 1253 622 1304 plurimum
638 1252 754 1305 interpretis
765 1252 830 1304 culpa,
846 1265 888 1292 ser-

36 1310 99 1350 monis
117 1309 222 1360 ambages,
245 1310 276 1349 rel
299 1322 393 1361 quorsum
414 1315 492 1362 spectet
511 1310 582 1349 oratio.
619 1310 656 1348 His
677 1322 737 1361 qutun
752 1322 800 1360 prae
816 1310 889 1349 ceteris

36 1367 176 1407 consulendum
192 1366 253 1406 luerit
267 1380 376 1419 eorumque
392 1367 458 1407 taedio
474 1379 497 1407 ac
508 1366 573 1407 labori
584 1366 713 1418 parcendum,
730 1366 819 1406 dillicilia
829 1379 889 1418 quae-

36 1437 71 1476 que
86 1424 129 1463 loca
145 1423 241 1463 subiectis
257 1424 319 1464 textui
335 1424 394 1472 notis,
411 1437 470 1477 quam
484 1424 603 1463 breuissime
618 1423 681 1475 potui,
698 1423 889 1475 explicareconatus

36 1493 86 1528 suist,
107 1480 190 1520 adscitis
206 1481 265 1520 etiam
282 1482 385 1520 doctorum
401 1482 489 1521 virorum
512 1480 696 1528 observationibus,
718 1492 848 1532 quaecunque
865 1481 888 1520 ad

36 1537 120 1577 atrctoris
135 1537 287 1588 intelligentiam
304 1538 416 1579 conducere
430 1538 485 1578 visae
501 1546 557 1585 suut,
579 1537 614 1577 sed
630 1537 709 1577 laudato
726 1549 806 1589 semper
820 1545 888 1577 aucto-

36 1607 76 1633 rum
95 1595 183 1634 nomine.
219 1594 239 1634 si
260 1596 340 1647 qtrando
358 1608 405 1635 vero
426 1595 573 1647 frequentiores
589 1601 608 1634 et
623 1594 710 1634 fusiores
724 1594 830 1633 rideantur
844 1607 889 1635 esse

37 1656 98 1698 notae,
118 1652 137 1690 id
154 1651 282 1692 tribuendum
297 1653 409 1703 argumenti
425 1652 547 1698 difficultati,
568 1664 627 1704 quam
645 1651 776 1703 paucioribus
796 1651 889 1702 expedire

37 1720 74 1747 non
88 1708 146 1756 valui,
162 1708 276 1757 veritusne,
293 1709 413 1750 dumbreris
422 1722 466 1749 csse
475 1709 582 1758 studerem,
599 1708 780 1748 obscurusfierem.
800 1708 888 1756 decedit,

37 1766 93 1816 quod,
110 1778 169 1817 qutun
184 1765 238 1805 varia
254 1772 273 1806 et
287 1766 349 1805 nsulta
364 1779 374 1805 e
390 1767 453 1807 sacris
468 1766 573 1818 utriusque
581 1765 703 1805 Testamenti
720 1764 824 1805 codicibus
833 1766 889 1805 testi-

35 1822 99 1861 monia
114 1823 204 1874 proferat
218 1822 322 1871 irenaeus,
344 1835 395 1875 equae
415 1836 474 1876 qutun
495 1836 518 1862 ex
534 1823 573 1863 alia
588 1822 680 1862 versione
696 1822 745 1870 sint,
765 1821 889 1862 discriminis

36 1879 123 1918 nonnihil
143 1880 217 1919 habere
235 1880 365 1928 ridebantur,
388 1881 408 1920 id
428 1881 534 1920 observare
553 1879 672 1931 ingratiam
689 1879 804 1931 Scripturae
819 1891 889 1919 sacrae

36 1936 168 1976 studiosorum
189 1949 262 1989 operae
282 1937 369 1989 pretinm
386 1938 452 1978 risum
472 1942 508 1977 est.
545 1937 584 1985 Qui
604 1943 669 1976 autem
686 1936 785 1976 eiusmodi
800 1936 854 1976 notis
870 1942 890 1976 et

36 1992 206 2033 observationibus
229 2007 270 2033 non
293 1994 383 2045 indigent
402 1994 484 2041 eruditi,
508 2007 541 2034 eas
563 1993 723 2046 praetermittere
745 1994 889 2046 irenaeumque

36 2050 159 2090 continenter
173 2050 239 2102 legere
254 2057 349 2103 possunt:
368 2052 389 2091 in
408 2051 500 2091 inferiori
521 2052 595 2104 quippe
610 2050 699 2101 margine
714 2050 794 2103 positae
810 2063 820 2089 a
835 2056 889 2090 textu

36 2105 91 2146 facile
107 2107 186 2158 seiungi
201 2114 282 2159 queunt.
311 2108 356 2147 Non
372 2108 464 2148 commisi
482 2114 559 2156 tamen,
581 2113 602 2147 ut
621 2108 721 2157 margines
742 2119 843 2158 gravarem
863 2107 888 2147 iis

36 2163 92 2211 notis,
109 2177 160 2216 quae
175 2165 200 2203 ad
216 2165 335 2205 eruditionis
352 2165 380 2213 [in
395 2178 427 2205 me
442 2171 496 2205 certe
512 2166 601 2217 exiguae]
611 2164 766 2204 ostentationem
780 2164 887 2213 dumtaxat,

36 2219 63 2258 ecl
79 2221 102 2260 ad
118 2222 210 2273 slogruata
226 2227 245 2262 et
260 2222 306 2262 fidei
322 2223 469 2263 controversias
483 2223 591 2275 pertinent,
610 2221 652 2261 nisi
667 2222 746 2274 quando
761 2220 831 2273 paucis
846 2234 888 2262 rer-

35 2274 64 2315 bis
79 2278 155 2318 absolvi
170 2285 287 2330 potuerunt,
303 2284 358 2319 ratus
372 2280 472 2328 videlicet,
487 2279 610 2332 proprioque
622 2279 692 2318 doctus
702 2279 844 2330 experimento,
859 2279 888 2318 le-

36 2335 122 2375 ctoribus
137 2335 188 2375 nihil
202 2337 313 2383 molestius,
331 2344 426 2387 quamsit
441 2336 526 2387 singulis
541 2337 583 2376 fere
598 2335 695 2386 vestigiis,
711 2335 836 2387 interpositis
845 2348 888 2374 mo-

35 2389 67 2437 ris,
83 2392 177 2432 insistere
193 2400 295 2443 cogantur.
325 2393 392 2434 Satius
408 2406 454 2433 esse
469 2393 522 2442 duxi,
541 2406 564 2433 ea
580 2405 631 2444 quae
646 2392 717 2431 fusiori
734 2397 753 2431 et
767 2392 887 2431 aceruatiori

36 2449 122 2489 examine
141 2449 267 2500 indigebant,
286 2463 326 2490 non
342 2450 422 2502 quidem
437 2451 458 2489 in
473 2450 517 2502 ipsa
532 2449 667 2503 praelatione,
691 2461 715 2487 ne
731 2448 751 2487 in
767 2448 888 2489 immensum

36 2515 77 2544 cum
91 2512 158 2546 rectae
173 2506 262 2547 rnethodi
278 2507 384 2559 dispendio
400 2514 510 2554 cresceret,
526 2507 562 2547 sed
577 2506 598 2545 in
614 2505 747 2555 singularibus
761 2505 887 2546 dissertatio-

35 2559 91 2602 nibus
113 2568 245 2615 pertractare,
265 2565 286 2603 in
305 2564 377 2616 quibus
392 2577 425 2604 res
441 2576 531 2617 quaeque
547 2576 583 2603 suo
599 2562 670 2602 ordine
690 2566 710 2602 et
725 2562 820 2602 contiuua
835 2563 887 2604 serie

36 2621 197 2669 expenderentur.
228 2622 278 2661 Tres
299 2621 360 2672 igitur
381 2621 438 2673 operi
459 2620 565 2673 praemisi:
587 2620 608 2658 in
625 2619 690 2671 prima
706 2620 731 2659 de
746 2620 772 2659 iis
788 2621 887 2668 omnibus,

36 2685 91 2724 quam
107 2677 258 2718 accuratissime
273 2679 340 2730 potui,
363 2678 449 2718 disserui
465 2690 516 2729 quae
531 2678 556 2717 ad
570 2676 728 2725 haereticorum,
748 2682 817 2716 contra
837 2691 887 2730 quos

35 2731 210 2780 ccriltitheuaeus,
226 2748 340 2787 personam,
356 2741 447 2784 aetatem,
462 2747 536 2783 moreS,
553 2734 626 2785 scripta
638 2738 658 2772 et
674 2734 886 2786 dogmatapertinent;

35 2786 104 2839 tontes,
121 2804 131 2831 e
148 2791 219 2844 quibus
235 2792 313 2844 impura
328 2793 419 2833 doctrina
434 2792 557 2845 produxerit,
574 2790 649 2843 aperui,
666 2791 802 2843 altissimeque
817 2804 887 2831 eorum

34 2851 128 2894 supstess'c
143 2853 252 2897 setestatus,
274 2849 321 2901 quid
337 2849 374 2889 sub
390 2849 523 2901 aenigmatico
538 2848 644 2889 verborum
660 2848 736 2888 cortice
752 2848 886 2897 delitesceret,

35 2906 121 2955 retegere
140 2911 223 2946 conatus
245 2918 295 2946 suin.
329 2907 351 2946 ln
371 2907 458 2947 secunda
479 2906 575 2958 quidquid
596 2904 620 2944 de
635 2905 713 2945 lrenaei
729 2905 767 2944 vita
782 2912 802 2945 et
817 2905 886 2956 gestis,

78 3029 93 3066 lt
106 3030 147 3062 lren.
160 3032 212 3064 erret,
224 3032 235 3065 l.
248 3033 259 3064 l.
278 3042 313 3074 pag.
326 3031 342 3063 3-

717 3088 749 3126 qe
