1936 3304
289 170 398 201 naaurarro
414 159 441 197 rb.
457 167 522 196 neom
539 166 628 194 saraam.
856 149 882 189 13

41 300 61 327 os
90 289 148 334 atquc
164 277 239 331 optimo
254 274 298 314 iure
312 271 349 313 tibi
365 270 427 309 offero
442 273 523 307 nostras
538 266 560 305 in
580 264 623 304 eius
642 262 716 302 librum
730 261 809 313 vigilias
825 267 845 303 et
859 276 882 302 u-

37 319 171 383 eulirationes,
194 345 243 385 quae
259 330 308 382 grati
324 340 370 378 erga
385 330 404 365 te
420 329 440 364 et
454 323 549 363 memoris
566 320 627 361 animi
641 320 682 360 mei
698 324 759 359 testes
774 331 819 358 esse
834 332 882 372 pos*

37 400 83 439 sim.
110 394 160 434 llam
179 401 238 441 (prium
260 393 278 427 te
293 384 422 427 ecelesiarum
437 385 550 420 nostrarum
566 384 672 431 patronum
688 381 708 416 et
724 380 810 415 tutorem
823 389 882 428 prae-

37 453 103 495 bueris
122 450 214 489 adversus
230 447 314 485 Satanae
333 446 353 481 et
373 437 509 490 pestilentium
532 435 636 475 homiuum
654 433 755 479 iusidias,
779 433 813 484 qui
836 439 883 474 tunc

37 507 144 563 perniciem
159 503 198 544 illis
213 501 358 543 moliebantur,
374 507 458 546 aequum
475 498 506 533 est
520 505 565 532 meo
581 497 601 531 et
614 491 735 531 nostratium
749 489 831 529 neruiue
845 490 883 530 tibi

38 565 109 606 oratius
124 561 161 612 agi,
178 565 236 611 atque
251 558 310 597 etiam
317 550 480 594 Loudinensibus
495 549 541 597 tuis,
557 561 642 602 quorum
655 547 806 595 lmmanitatem,
821 547 883 587 bene-

38 599 136 663 itanum
150 623 170 658 et
183 614 332 657 liberalitatem,
350 614 372 648 ut
386 613 440 647 tuam
455 618 501 658 erga
516 607 612 659 profugos
627 610 687 658 atque
703 608 802 654 extorres,
822 616 883 656 qrrirm

39 678 89 731 aprul
108 688 142 715 ros
162 677 238 719 esseut,
258 666 398 710 aelrersissimo
415 669 504 716 tempore
526 664 607 716 saepius
630 662 706 714 experti
728 674 804 701 sumus.
834 661 883 702 Eam

38 737 76 774 boc
97 738 186 783 tempore
206 740 247 767 non
268 724 366 765 minorem
390 734 435 760 esse
455 720 524 761 audio:
547 733 585 772 quo
609 719 690 760 nomine
713 731 751 759 nos
774 718 810 758 tibi
832 718 883 758 illis—

39 804 76 843 que
97 787 202 841 pluriumm
224 782 296 822 debere
319 780 443 819 confitemur.
479 778 505 818 Ut
525 777 622 818 Dominus
644 775 701 816 vobis
723 775 822 827 rependat
847 776 883 815 do—

38 854 107 897 tesque
127 856 172 884 suas
190 842 211 880 in
228 844 248 878 te
267 837 347 887 tuisque
367 835 473 886 adaugeat,
493 845 530 885 ego
550 846 610 886 quam
625 833 717 873 maximis
732 845 816 885 possum
830 832 883 872 votis

39 902 117 956 postulo
135 906 193 950 atque
213 900 266 947 opto.
301 893 329 932 Te
351 904 398 931 vero
424 891 508 931 obsecro
539 896 598 943 atque
625 891 728 938 obtestor,
756 895 778 930 ut
804 889 883 942 qualem

41 966 58 999 te
73 959 111 997 iam
125 952 241 1007 praestitisti
260 949 335 990 nostris
349 948 479 995 hominibus,
500 954 542 987 tram
557 947 649 987 fovendis
664 947 737 994 bonis,
761 952 802 987 tum
824 946 883 986 malis

40 1012 159 1059 coercendis,
175 1016 217 1049 tum
231 1007 290 1048 ctiam
304 1004 438 1058 reprimendis
454 1004 545 1044 factiosis
562 1011 581 1044 et
595 1004 693 1044 studiosis
704 1016 883 1052 rerumnovarum,

40 1077 61 1110 ut
76 1067 189 1119 tranquillus
208 1063 324 1105 ecclesiolae
339 1062 393 1101 illius
408 1067 472 1101 status
486 1061 539 1101 iuter
553 1061 653 1113 proeellas
669 1061 734 1113 ipsas,
757 1061 846 1113 tpuamris
861 1060 883 1100 iu

39 1123 174 1170 mediomari,
190 1126 306 1168 servaretur,
321 1119 380 1158 talem
396 1131 477 1170 quoque
493 1125 512 1158 te
527 1118 547 1157 in
557 1123 766 1170 posterumpraestes,
781 1130 819 1158 uec
828 1118 883 1158 sinas

41 1190 58 1222 te
73 1181 130 1222 ullius
145 1178 286 1230 ingratitudine
301 1180 334 1216 aut
347 1174 471 1226 malignitate
487 1174 591 1215 dimoveri.
622 1175 680 1222 Quod
690 1174 768 1214 tametsi
778 1179 796 1214 te
811 1180 884 1227 sponte

40 1244 71 1278 tua
86 1237 162 1277 abunde
177 1237 272 1275 facturum
292 1245 332 1272 non
353 1231 451 1279 dubitem,
472 1237 539 1271 tamen
559 1237 579 1271 et
596 1244 664 1271 meum
681 1231 703 1271 iu
721 1237 822 1272 nostrates
842 1239 883 1272 stu-

40 1295 93 1334 dium
107 1301 126 1333 et
140 1291 233 1345 pericula,
249 1303 299 1343 quae
314 1288 394 1329 assidue
409 1289 531 1341 impendent,
547 1301 579 1328 me
594 1288 702 1328 sollicitum
713 1289 805 1336 reddunt,
820 1288 885 1329 idem*

40 1364 76 1403 que
91 1350 149 1389 etiam
164 1354 221 1400 atque
236 1348 295 1387 etiam
309 1353 377 1398 petere
393 1351 472 1396 cogunt.
501 1346 544 1384 Hoc
563 1345 624 1386 etiam
642 1358 702 1397 rogo,
722 1351 744 1385 ut
763 1358 802 1398 quo
823 1346 884 1386 animi

40 1419 84 1457 erga
99 1412 117 1446 te
137 1406 208 1444 ellectu
225 1405 264 1444 laec
280 1403 423 1455 qtralecumque
437 1402 562 1454 praeludium
582 1415 605 1442 ac
627 1403 730 1455 specimen
751 1402 835 1443 maioris
858 1404 883 1452 (si

39 1463 133 1502 Dominus
148 1461 231 1511 dederit)
248 1460 314 1513 operis
329 1459 365 1499 tibi
382 1460 455 1507 offero,
471 1459 542 1499 eodem
558 1459 652 1512 accipias,
668 1472 706 1499 uec
720 1473 753 1499 me
768 1459 822 1500 aliud
838 1473 884 1512 spe-

40 1524 103 1558 ctasse
118 1523 184 1570 putes,
210 1530 268 1570 quam
286 1523 308 1556 ut
326 1528 435 1556 memorem
457 1521 477 1556 et
496 1521 572 1567 gratum
587 1529 619 1556 me
634 1516 671 1556 tibi
686 1517 800 1568 praebeam.
829 1517 884 1557 Bene

40 1575 76 1614 tibi
90 1580 195 1626 precaretur
210 1586 266 1626 qtram
282 1572 362 1626 plurimi
378 1573 411 1625 qui
426 1574 466 1613 lme
481 1586 503 1613 se
517 1579 638 1626 receperunt
653 1573 724 1625 optimi
738 1573 786 1622 viri,
806 1574 828 1613 iu
842 1574 884 1626 pri-

40 1631 117 1682 orisque
133 1636 150 1669 te
166 1631 238 1670 salutat
251 1630 302 1669 Deua
317 1635 396 1678 noster,
416 1630 472 1670 cuius
492 1630 637 1671 consuetudine
657 1637 677 1671 et
695 1630 835 1671 benevolentia
855 1631 885 1671 sio

40 1699 130 1733 recreor,
153 1693 173 1726 ut
191 1687 239 1726 milri
258 1687 299 1739 J'am
319 1686 381 1726 levius
404 1686 495 1727 exsilium
514 1687 553 1727 hoc
572 1687 672 1727 redditum
692 1687 725 1727 sit.
761 1688 815 1728 Beue
835 1688 884 1736 vale,

41 1743 113 1794 optime
132 1748 151 1782 et
170 1743 309 1783 observantiss.
326 1744 362 1783 uir.
377 1743 474 1783 Dominus
493 1744 552 1784 lesus
572 1744 663 1784 Christus
682 1745 719 1784 tibi
737 1750 835 1797 perpetuo
855 1746 884 1785 fa-

41 1805 93 1846 veat,
116 1799 149 1838 aliu
166 1805 185 1839 te
204 1800 323 1840 ineolumem
343 1805 420 1849 servet,
443 1800 524 1853 tuisque
542 1800 644 1842 laboribus
664 1806 683 1842 et
702 1802 755 1842 curis
771 1801 884 1843 benedicat.

41 1855 128 1895 Geuevae
142 1855 207 1908 pridie
223 1856 263 1897 Cal.
278 1856 388 1897 Februarii.
419 1870 502 1898 uotum.

232 2173 377 2221 auteurs
395 2174 513 2224 tuccsst
530 2176 687 2226 ceruam

39 2269 133 2303 uelsrcta
146 2272 298 2308 nuncuparetur
305 2276 331 2308 lb
338 2277 458 2311 acuatacuat
464 2279 559 2312 BRANDUbl
568 2280 696 2313 BlSlLEENSlS
703 2281 833 2314 uerruculcau
842 2281 884 2313 ΤΗΙ-

60 2315 127 2347 abacti
134 2318 202 2350 erucis
210 2319 324 2362 rutulantum,
337 2323 357 2354 ΙΝ
365 2323 404 2361 Qua
411 2325 461 2356 SUAE
469 2325 549 2357 lRENAEl
556 2326 659 2359 EDlTlONlS
667 2327 770 2358 atribuere
782 2327 861 2359 aunum.

45 2469 58 2476 ,.
94 2416 134 2455 lltsi
149 2429 216 2468 graues
235 2422 351 2474 earraaprimis
367 2437 449 2465 caussae
465 2426 554 2475 luerunt,
570 2432 654 2479 propter
671 2440 720 2478 qtras
735 2432 824 2468 uetustas
840 2441 885 2468 eru-

40 2473 79 2509 dita
97 2484 168 2523 magno
187 2476 282 2527 applausu
302 2486 321 2519 et
336 2493 436 2520 consensu
451 2483 540 2534 recepit,
559 2483 717 2536 approbarittpre
737 2484 817 2537 elegans
835 2485 885 2525 illud

11 2563 12 2566 ,
40 2527 183 2590 apopbtliegma
197 2533 268 2585 paride
282 2532 380 2586 σεαυτόν,
395 2550 455 2578 aresce
471 2542 568 2591 tet'psrmm
589 2545 609 2580 et
623 2542 786 2593 Amphictyones,
802 2542 886 2583 Platone

40 2588 99 2632 teste,
118 2584 166 2649 illud
180 2599 216 2638 pro
237 2591 324 2643 delphici
342 2595 413 2646 templi
428 2595 505 2635 foribus
524 2596 675 2637 inscribemlum
697 2611 743 2639 esse
758 2606 885 2646 censuerunt,

40 2650 63 2676 eo
79 2642 131 2691 quod
145 2643 245 2685 videretur
259 2648 283 2687 de
299 2650 341 2689 suis
355 2650 415 2690 bouis
431 2657 451 2691 et
464 2652 522 2706 malis
537 2666 699 2706 unrunquemque
709 2656 824 2696 mortalium
833 2669 886 2696 com-

40 2698 169 2761 monefacere,
186 2702 290 2752 superbiae
305 2706 381 2758 pariter
389 2709 552 2761 etdesperatioai
562 2711 645 2760 mederi,
661 2711 791 2753 immodicum
799 2726 887 2756 avnrorem

41 2761 71 2812 sur
89 2753 220 2808 luluoramque
235 2760 314 2809 tollere,
331 2770 351 2803 et
366 2765 389 2804 ad
404 2766 525 2806 modestiam
539 2768 644 2808 universos
659 2769 749 2809 hortari:
765 2783 805 2810 uon
820 2776 887 2810 tauteu

40 2817 104 2846 mrrms
114 2821 190 2875 graues
198 2826 280 2877 caussae
296 2825 348 2867 sunt,
364 2834 400 2860 eur
408 2822 462 2862 aliud
473 2824 523 2863 adeo
539 2824 568 2863 illi
584 2830 697 2876 cognatum,
712 2831 735 2865 ut
743 2832 835 2866 neutrum
844 2828 888 2867 siue

41 2861 101 2903 altero
116 2874 169 2907 recte
185 2871 268 2923 intelligi
283 2876 358 2924 possit,
378 2890 420 2917 nou
435 2886 511 2920 tantum
527 2881 634 2931 addamus,
660 2884 695 2923 sed
716 2883 776 2923 etiam
791 2884 888 2924 aurbabus

40 2921 130 2961 manibus
145 2929 165 2984 et
178 2930 220 2966 toto
235 2935 316 2991 pectore
332 2934 480 2985 amplectamur,
496 2937 590 2978 videlieet
604 2939 677 2992 paride
690 2936 729 2980 τὸν
745 2935 809 2991 eada,
824 2941 889 2981 Nosce

41 2972 107 3016 Derua.
136 2980 206 3022 leram
225 2997 278 3025 enirn
299 2992 319 3028 et
337 2990 422 3032 solidam
442 2994 562 3046 sapientiam
577 2995 597 3035 in
612 2995 649 3036 Dei
665 2997 736 3049 optimi
755 2998 847 3047 inanimi,
869 3004 889 3038 et
