1936 3304
393 169 510 196 1111111111.
857 159 884 199 49

33 275 104 320 babuit.
135 271 277 321 Quaecumque
293 269 346 309 enim
362 282 385 309 11
401 270 551 310 otthoboniano
567 269 665 309 lectiones
681 270 730 309 mihi
741 270 805 309 llorna
819 276 885 310 trans-

33 334 103 376 missae
123 332 179 374 sunt,
202 326 283 366 eaedem
303 327 345 366 fere
365 333 421 375 sunt,
445 340 495 379 quas
511 326 597 367 Grabius
613 339 636 366 11
651 326 729 367 duobus
745 326 785 366 illis
800 326 884 368 blereeri

34 386 133 431 codicibus
149 382 226 433 allegat.
258 384 323 431 Quare
338 383 386 423 lieet
401 397 411 423 a
427 384 486 423 nobis
501 384 599 424 lectiones
615 383 694 423 illorum
711 384 769 424 codd.
784 383 851 425 variae
862 398 885 424 er

34 444 103 488 Grabio
119 440 254 488 adducantur,
270 453 295 480 ne
310 445 377 480 tamen
392 440 433 480 illis
448 440 493 492 plus
509 440 556 481 fidei
571 440 680 481 attribuant
696 447 884 493 quammereantur,

35 504 141 554 (morentur
156 502 222 536 autem
237 497 335 549 exiguam)
355 497 443 536 moratos
462 497 549 537 lectores
563 498 630 537 velim.
659 498 806 538 Arundelianus
822 499 885 538 codex

34 555 162 608 interpolatus
177 553 240 593 luisse
255 554 333 594 videtur
348 553 389 594 siue
405 567 415 593 a
430 554 513 593 librario
529 554 581 607 ipso,
597 554 639 594 sire
651 555 675 594 ab
690 555 884 608 aliquorecentiori,

35 614 83 670 quod
97 610 264 652 verisimillimum
279 615 375 662 agnoscet
389 611 481 663 quisquis
500 610 590 658 eiusdem
605 611 703 653 lectiones
719 612 825 663 diligenter
839 625 886 664 per-

34 668 129 727 penderit.
165 668 221 707 Unde
244 673 337 719 superest
359 680 410 707 1111111
424 667 491 707 Vossii
511 668 584 717 codex,
607 669 664 708 carius
680 675 750 709 irritare
765 682 806 708 non
820 669 886 721 possit

34 729 87 771 tides.
116 725 141 764 Et
155 737 224 764 revera
239 724 317 764 collatis
333 723 422 764 eiusdem
441 725 562 766 lectionibus
585 738 630 766 cunr
646 725 806 766 Claromontanis
826 731 846 766 et
860 725 885 765 iis

35 797 81 839 quas
96 795 120 822 ex
134 781 196 820 veteri
212 793 248 821 suo
264 781 333 821 codice
349 782 411 821 refert
424 782 579 831 Feuardentius,
601 782 704 834 antiquum
726 795 771 823 esse
787 788 807 822 et
820 782 886 822 bonae

34 846 89 884 notae
105 837 239 890 deprehendi,
255 838 275 878 111
292 851 355 890 eoque
371 839 444 879 ceteris
460 839 561 888 ominbus,
583 840 617 892 qui
632 839 672 879 iam
688 847 807 891 supersunt,
827 852 886 892 prae-

34 897 109 943 cellere,
126 895 179 946 quod
195 895 261 942 solus,
278 895 350 935 Grabio
366 900 427 943 teste,
443 896 556 947 posteriora
573 897 660 948 quinque
675 897 723 936 iibri
740 895 804 949 quinti
820 897 886 949 capita

34 954 137 996 earniaear.
166 951 208 991 Nec
223 952 308 1004 proinde
324 952 421 1001 dubitavi,
438 953 472 992 11111
488 959 528 992 1111
543 954 604 1001 istos,
622 953 710 993 omnium
727 952 851 1005 antiquiores
867 960 886 992 et

34 1010 131 1056 meliores,
148 1009 297 1049 consentientes
312 1008 379 1056 habui,
395 1015 470 1049 textum
483 1022 552 1050 11111111
568 1010 685 1050 atrotoritate
700 1010 809 1050 restituere
824 1010 885 1063 ipsis-

35 1080 77 1121 que,
93 1065 165 1119 spretis
181 1065 232 1115 aliis
248 1067 273 1106 ad
289 1066 384 1106 antrrssim
399 1067 514 1115 adbaerere,
530 1067 570 1107 nisi
586 1073 665 1118 apertas
681 1067 817 1120 corruptionis
827 1073 886 1107 notas

34 1137 79 1178 prae
94 1136 116 1162 se
130 1122 219 1162 tulerint.

87 1181 170 1220 Praeter
183 1180 239 1221 lllSS.
255 1179 342 1228 codices
359 1180 412 1220 edita
428 1180 553 1231 exentplaria,
570 1179 684 1232 antiquiora
696 1180 821 1233 praesertim,
838 1193 885 1221 con*

34 1237 97 1278 sulere
111 1249 152 1276 non
167 1236 237 1289 piguit,
253 1249 315 1289 eaque
331 1237 440 1285 interdum,
460 1237 494 1277 ubi
508 1237 565 1279 MSS.
581 1237 662 1277 codices
676 1237 708 1278 ν1]
724 1237 835 1289 depravati,
855 1238 886 1278 vel

34 1295 97 1335 ntinus
113 1294 157 1333 sani
172 1306 217 1334 esse
232 1294 357 1341 ridebantur,
372 1307 504 1346 praeponere.
538 1295 572 1334 Sic
593 1295 668 1334 lactum
682 1299 704 1334 ut
718 1293 797 1334 Irenaei
811 1299 886 1334 tertam

33 1351 122 1404 plurimis
138 1351 203 1390 adbuc
218 1350 239 1390 iu
254 1351 304 1391 locis
319 1351 350 1391 vel
366 1352 477 1391 scribarum
492 1364 528 1391 seu
543 1351 644 1403 imperitia
659 1350 760 1400 vitiatum,
781 1364 816 1391 seu
832 1351 885 1391 osci-

34 1408 93 1447 tantia
108 1407 231 1456 mutilatum,
246 1408 278 1448 uel
293 1407 403 1447 sciolorum
418 1408 501 1448 audacia
516 1409 672 1455 redundantem,
689 1415 722 1448 aut
736 1407 885 1460 interpolatum,

35 1464 157 1515 castigarint,
173 1464 246 1504 additis
263 1478 313 1516 quae
329 1465 417 1515 deerant,
433 1465 517 1505 resectis
534 1478 584 1517 quae
599 1465 733 1512 abundabant,
749 1470 804 1505 reete
814 1465 886 1504 distin-

35 1521 69 1561 ctis
85 1534 135 1573 quae
150 1521 202 1561 male
218 1521 357 1570 cohaerebant,
373 1523 423 1562 adeo
438 1527 461 1561 ut
474 1533 538 1574 pauca
554 1522 594 1561 iarn
604 1521 886 1574 miltisuperessevideantur,

34 1579 53 1617 in
69 1578 140 1630 quibus
155 1578 248 1618 lectionis
264 1578 371 1618 difficultas
386 1579 482 1618 lectorem
497 1579 563 1630 possit
576 1578 680 1618 remorari.
710 1578 748 1618 Ubi
762 1591 809 1618 vero
822 1579 886 1618 nrani-

35 1635 83 1675 lesta
99 1635 136 1675 luit
151 1635 292 1687 exemplarium
308 1636 430 1687 depravatio,
445 1636 498 1675 banc
512 1636 543 1675 vel
558 1649 582 1676 11
594 1635 671 1687 graecis
686 1635 759 1683 verbis,
776 1635 794 1675 si
806 1634 886 1675 illorum

35 1691 91 1743 copia
111 1692 181 1739 luerit,
203 1693 235 1732 ν1]
257 1705 280 1732 11
302 1692 347 1732 aliis
366 1692 467 1744 parallelis
486 1692 547 1740 locis,
570 1693 591 1731 111
607 1692 679 1745 quibus
695 1696 803 1732 occurrunt
817 1693 887 1732 eadem

34 1762 115 1800 prorsus
130 1749 214 1801 repetita
229 1750 298 1796 verba,
318 1749 349 1789 vel
365 1763 388 1789 er
404 1749 524 1789 coniecturis
540 1749 619 1789 aliunde
635 1749 705 1797 certis,
721 1748 810 1789 adhibito
826 1749 886 1789 etiarn

34 1805 194 1846 doctissimorum
209 1806 313 1846 bominum
329 1806 421 1854 consilio,
437 1806 544 1846 emendare
558 1819 600 1846 non
615 1805 710 1846 dubitari.
739 1806 762 1845 ld
779 1810 885 1846 1111111111-

34 1862 73 1901 11111
89 1868 109 1902 et
124 1868 177 1903 tanta
192 1863 290 1914 religione
306 1864 437 1912 factumest,
460 1868 482 1902 ut
495 1863 573 1915 vulgata
588 1863 655 1910 lectio,
676 1862 802 1915 quantumvis
818 1869 886 1915 aperte

35 1925 132 1972 corrupta,
148 1920 172 1960 ad
188 1933 243 1960 oram
258 1920 304 1959 libri
320 1926 421 1968 serretur,
442 1920 515 1960 deiude
534 1927 556 1960 ut
571 1933 594 1959 ea
609 1919 690 1960 licentia
706 1920 758 1959 intra
774 1919 886 1970 singulares

35 1988 98 2023 voces,
120 1985 194 2016 elnon
210 1982 250 2016 tam
265 1977 322 2016 latini
336 1977 460 2030 interpretis,
477 1989 536 2028 quam
550 1977 678 2016 librariorum
694 1977 752 2028 eulpa
768 1977 886 2028 depravatas

35 2034 158 2082 coristiterit3
174 2034 198 2073 ad
214 2034 285 2074 dubias
300 2046 409 2086 narratquam
424 2033 540 2086 pervaserit,
556 2034 615 2084 longe
630 2033 696 2073 minus
712 2034 736 2073 ad
745 2033 822 2084 integra
831 2045 886 2073 corn-

34 2096 84 2130 mata
108 2091 138 2131 vel
158 2090 254 2142 periodos
274 2091 372 2142 iutegras3
396 2091 467 2143 quibus
486 2103 559 2138 novas,
583 2090 649 2141 graeei
672 2095 735 2130 textus
754 2090 785 2129 rel
804 2089 886 2130 alterius

35 2146 169 2200 cuiuscunque
183 2148 273 2199 parelleli
288 2148 327 2187 loci
344 2148 467 2194 auctoritate,
483 2147 790 2187 11111111111111111111(1111111111.
819 2148 844 2187 At
851 2147 886 2187 11111

35 2203 102 2243 sanior
120 2205 153 2245 ille
172 2205 227 2244 risus
243 2210 282 2254 est,
302 2205 322 2244 id
343 2204 458 2252 observare,
478 2217 590 2256 novarnque
605 2204 801 2256 interpretationem,
823 2204 885 2244 reteri

34 2259 92 2301 latina
111 2261 266 2310 accuratiorem,
287 2262 334 2301 dare
350 2274 423 2313 operae
438 2261 525 2314 pretium
539 2261 604 2301 visum
620 2266 660 2309 est,
680 2261 714 2301 sed
734 2260 755 2300 in
770 2260 885 2300 inferiorem

34 2318 142 2369 marginem
162 2318 288 2367 translatam,
308 2319 335 2358 ita
355 2325 377 2358 ut
395 2324 451 2359 vetus
469 2318 530 2357 lectio
550 2318 619 2358 sedem
634 2318 813 2369 auctoritatemque
829 2330 885 2357 suam

34 2374 134 2415 retineret.
164 2375 239 2421 Varias,
256 2389 306 2428 quae
321 2375 405 2415 alieuius
420 2375 516 2415 momenti
531 2376 607 2422 forent,
628 2374 725 2414 lectiones
740 2374 792 2413 infra
809 2374 885 2413 adscri-

34 2430 116 2480 psimus,
132 2432 225 2472 indicatis
240 2433 293 2472 unde
309 2439 385 2472 sumtae
401 2438 448 2472 srrnt
463 2432 520 2472 codd.
555 2431 577 2473 Si
597 2431 644 2483 quid
664 2444 686 2470 er
702 2443 771 2470 eorum
786 2430 825 2469 fide
840 2443 884 2470 tnu-

35 2488 114 2528 tandum
129 2489 302 2541 supplendumque
309 2489 373 2528 visum
382 2495 418 2537 est,
433 2489 519 2528 lectores
526 2500 609 2528 monere
624 2487 780 2538 mutationisque
795 2486 885 2527 rationes

35 2544 104 2585 afferre
118 2559 159 2585 nori
175 2546 304 2596 negleximus,
319 2550 374 2585 tanta
389 2559 433 2586 curn
448 2545 552 2596 religione,
568 2550 590 2583 ut
603 2544 712 2583 veremlum
727 2544 759 2590 sit,
775 2556 800 2583 ne
816 2550 885 2596 arguta

34 2600 114 2642 nimium
130 2603 230 2654 aliquibus
246 2602 348 2654 diligentia
363 2608 432 2642 nostra
446 2602 546 2642 rideatur:
562 2601 598 2640 sed
613 2604 702 2652 praestat
715 2600 749 2640 bic
761 2600 884 2652 diligentiam

35 2657 115 2709 culpari,
131 2672 190 2712 quam
205 2660 321 2700 desiderari.
350 2659 379 2699 Ne
393 2665 460 2699 tamen
476 2664 540 2698 aetum
549 2670 659 2709 ageremus
674 2657 763 2710 priorum
775 2657 885 2698 editionum

34 2721 96 2756 errata
112 2717 185 2764 omitia,
202 2729 252 2769 quae
267 2717 307 2757 iam
322 2715 593 2761 correxeratFeuardentius
608 2715 721 2754 revocanda
737 2727 782 2754 esse
797 2727 883 2767 111111111-

34 2771 126 2813 lavimus:
146 2787 206 2813 arnam
220 2774 400 2814 Feuardentianam
415 2773 533 2821 editionem,
556 2784 605 2824 quae
620 2771 710 2811 omnium
724 2771 817 2819 titanibus
831 2778 883 2811 tere-

34 2824 101 2877 batur,
125 2831 268 2871 emeudandam
290 2843 335 2870 esse
354 2831 480 2878 censuimus3
503 2830 528 2869 iis
550 2830 651 2869 dumtaxat
669 2828 779 2868 obseruatis
797 2834 817 2867 et
832 2828 884 2868 inter

34 2885 97 2926 varias
112 2888 209 2928 lectiones
223 2887 336 2937 recensitis,
353 2888 437 2940 quaein
453 2887 498 2927 aliis
514 2885 635 2926 editionibus
650 2885 759 2938 praecipua
775 2889 795 2925 et
803 2885 882 2925 saniora

34 2952 77 2982 esse
91 2944 215 2986 videbantur.
237 2971 239 2975 -

88 3001 131 3041 Non
150 3002 217 3042 minor
236 3003 255 3042 in
275 3002 437 3053 recognoscenda
457 3014 479 3041 ea
495 3005 552 3053 parte
567 3000 634 3052 graeci
649 3005 723 3047 textus,
747 3005 882 3050 quaesierat,

732 3067 746 3107 4
