1936 3304
220 623 222 626 ’
269 615 457 681 uuttuuult
476 613 619 679 uultur-

13 739 140 783 EPISTULA
158 738 370 786 NUNCUPATORIA,
390 738 417 778 IN
433 738 495 786 Qun,
516 738 576 786 QUID
597 738 624 777 IN
638 737 748 778 EDENDIS
764 734 868 776 IRENAEI

209 819 292 859 LIBRIS
316 818 514 866 Ρ11ΑΕ8ΤΙΤΕ111Τ7
536 817 670 857 EXPLICAT.

172 944 345 977 nuvnuuuulssuto
364 944 385 976 IN
404 943 490 976 CHRISTO
509 943 568 975 rnrm
585 943 611 975 AC
630 942 709 975 DOMINO

69 1039 104 1092 D.
124 1036 338 1094 BERNARDD
364 1035 553 1093 EPISCDPD
575 1033 816 1092 uutnnurluc

205 1160 332 1190 nnsrunulus
344 1161 441 1190 EDASIIUS
453 1160 611 1190 uornuonnuus
624 1161 641 1188 S.
654 1160 674 1188 D.

15 1360 66 1449 En
79 1408 130 1456 tuis,
147 1408 275 1448 ornatissime
289 1408 383 1461 praesul,
395 1408 500 1460 vauspiciis
515 1408 536 1447 in
551 1408 617 1448 lucem
632 1406 762 1459 producimus
778 1416 872 1456 magnum

16 1478 72 1518 illum
86 1476 184 1517 ecclesiae
199 1482 376 1528 propugnatorem,
393 1488 416 1516 ae
430 1488 467 1528 pro
484 1475 515 1515 sui
530 1475 620 1515 nominis
636 1474 719 1525 augurio
734 1473 791 1526 pacis
808 1474 873 1514 eccle-

17 1534 111 1575 siasticae
125 1533 226 1572 uindicem
244 1533 355 1573 Irenaeum.
388 1534 439 1573 Nam
454 1528 527 1588 εἰρήνη
544 1532 626 1572 Graecis
641 1544 713 1583 pacem
728 1536 800 1578 sonat,
817 1537 837 1570 et
852 1531 873 1570 in

18 1591 119 1642 evangelio
145 1589 241 1630 Dominus
264 1590 334 1630 beatos
357 1590 479 1642 pronunciat
497 1583 660 1645 εἶρηνοποιούς,
680 1588 701 1627 id
721 1592 752 1627 est
770 1587 873 1640 pantices,

18 1648 119 1701 quoniam,
135 1646 207 1699 inquit,
223 1646 259 1686 tilii
274 1647 311 1687 Dei
325 1647 457 1686 vocabuntur.
487 1646 541 1686 Deus
557 1645 611 1685 enim
630 1657 672 1685 non
692 1650 723 1684 est
738 1645 874 1685 dissensionis

18 1711 93 1753 auctor,
110 1704 146 1744 sed
161 1704 225 1755 pacis,
242 1704 276 1756 qui
290 1717 327 1756 per
336 1703 410 1744 Filium
425 1716 483 1743 51111111
498 1703 613 1755 pacificavit
628 1715 657 1751 ea,
675 1715 726 1754 quae
741 1702 762 1741 in
778 1702 839 1742 caelis
855 1708 875 1741 et

19 1775 69 1815 quae
84 1762 105 1801 in
120 1760 187 1801 terris.
218 1761 298 1808 Contra,
314 1760 348 1813 qui
364 1760 456 1800 dissidiis
472 1760 541 1800 orbem
557 1759 681 1807 concutiunt,
697 1764 802 1811 parentem
817 1771 875 1798 suum

18 1820 114 1866 referunt,
131 1818 165 1870 qui
179 1817 257 1870 primus
272 1818 323 1858 sevit
338 1817 459 1857 discordiam
476 1817 529 1857 inter
542 1817 606 1856 Deum
621 1822 641 1855 et
656 1816 764 1863 bominem,
783 1828 806 1855 ac
822 1816 874 1855 saln-

18 1876 98 1916 tiferam
117 1874 243 1925 evangelicae
259 1875 363 1915 doctrinae
379 1879 469 1925 segetem
485 1873 571 1919 vitiavit,
594 1873 646 1913 clam
665 1872 764 1925 inspersis
780 1873 874 1912 zizaniis:

19 1938 139 1972 nocturnum
155 1944 208 1983 opus·
221 1936 329 1984 aptumque
344 1931 432 1983 principi
449 1930 582 1970 tenebrarum.
612 1930 692 1970 Utinam
712 1935 732 1969 et
754 1930 823 1969 iuliis
843 1943 875 1970 55-

20 1990 93 2030 olesiae
109 1988 236 2036 tumultibus,
257 1989 329 2041 quibus
349 2001 387 2028 uec
406 1988 427 2027 in
452 1987 557 2028 annalibus
575 1987 661 2038 legimus
680 1999 775 2039 umquam
795 1995 875 2027 exortos

19 2047 50 2086 rel
65 2046 173 2098 graviores,
188 2045 220 2085 uel
234 2046 294 2085 latius
310 2046 419 2096 divagatos
437 2057 556 2097 quamquam
571 2044 670 2083 latissime
680 2056 702 2083 se
710 2044 875 2095 sparseratrlrie-

20 2116 91 2143 uorum
108 2102 206 2145 haeresis,
222 2103 338 2142 exoriantur
352 2102 430 2154 aliquot
444 2101 529 2149 Irenaci,
546 2101 579 2153 qui
595 2100 668 2153 spiritu
688 2101 803 2152 evangelico
818 2114 875 2141 mun-

21 2160 67 2200 dum
81 2160 174 2211 redigant
188 2160 209 2199 in
225 2159 361 2200 concordiam.
391 2160 442 2199 Nam
461 2158 513 2206 libri,
530 2158 564 2210 qui
579 2170 633 2197 nuuc
647 2158 749 2210 utrimque
764 2158 875 2210 provolant,

21 2217 120 2257 eiusmodi
135 2217 198 2257 ferme
213 2222 271 2265 sunt,
290 2222 313 2256 ut
328 2216 387 2256 citius
403 2228 476 2255 novum
491 2215 578 2254 excitent
593 2214 720 2262 incendium,
742 2228 801 2267 qtiem
819 2222 876 2255 vetas

21 2274 152 2325 restinguant.
181 2274 255 2314 Verum
269 2274 308 2314 boe
323 2286 360 2326 per
379 2272 500 2313 christianos
515 2271 619 2324 principes
631 2271 692 2312 faciet
700 2272 808 2320 Dominus,
820 2278 877 2324 post-

23 2343 81 2382 quam
95 2331 155 2371 nobis
171 2332 196 2370 ad
211 2331 295 2371 meliora
311 2331 415 2371 conuersis
431 2342 454 2368 eu
469 2329 520 2368 irato
536 2328 627 2381 coeperit
642 2341 688 2369 esse
703 2329 812 2381 propitius.
846 2329 876 2369 Ad

22 2387 125 2428 Irenaeum
140 2400 207 2428 meum
222 2388 290 2428 redeo.
320 2388 360 2428 Cur
378 2387 432 2427 enim
450 2398 491 2425 non
510 2398 577 2425 meum
597 2385 706 2437 appellem,
732 2398 791 2437 quern
811 2398 877 2438 paene

24 2445 131 2496 sepultum,
147 2445 238 2485 absterso
255 2450 351 2497 quantum
365 2444 423 2484 licuit
437 2443 483 2490 situ,
498 2442 538 2481 luci
553 2442 689 2489 restituimus,
709 2442 815 2494 indignum
829 2456 877 2495 pro-

25 2500 82 2550 fecto,
100 2502 133 2554 qui
149 2508 247 2554 perpetua
267 2501 367 2541 oblivione
387 2500 531 2539 obsolesceret.
562 2499 644 2550 Spirant
662 2499 717 2538 enim
732 2499 786 2539 illius
802 2501 877 2552 scripta

24 2557 111 2607 priscum
126 2559 182 2598 illum
201 2558 299 2610 evangelii
315 2558 413 2609 vigorem,
430 2569 453 2596 ac
468 2555 548 2608 phrasis
564 2555 630 2606 arguit
644 2561 716 2607 pectus
731 2557 826 2610 martyrio
842 2571 875 2611 pa-

25 2619 93 2655 ratum.
123 2616 202 2655 Habent
217 2616 270 2656 enim
278 2622 375 2667 martyres
383 2626 440 2654 suam
448 2613 552 2665 quamdam
569 2612 684 2661 dictionem,
700 2614 785 2661 seriam,
805 2616 877 2655 fortem

26 2681 47 2709 ac
61 2674 176 2713 masculam.
206 2673 252 2713 Fuit
266 2673 343 2713 vicinus
359 2671 495 2723 apostolorum
513 2669 648 2721 temporibus,
669 2683 729 2722 quum
746 2672 811 2712 adhuc
825 2685 878 2712 mar-

26 2730 88 2777 tyrum
111 2729 216 2782 triumphis
235 2731 318 2769 floreret
341 2728 434 2784 ecclesia.
468 2728 518 2767 Nem
540 2739 591 2778 puer
610 2726 686 2767 audivit
703 2728 836 2781 Polycarpum
857 2730 877 2768 in

26 2783 85 2834 Asia3
100 2787 222 2839 Polycarpus
238 2793 305 2827 autem
320 2786 402 2826 Ioannis
418 2784 551 2834 evangelistae
571 2784 610 2823 suit
625 2784 747 2836 discipulus,
768 2799 778 2825 a
799 2799 838 2838 quc
859 2794 878 2826 et

28 2840 132 2894 episcopus
149 2843 263 2896 Srnprnmis
283 2844 350 2892 datus,
374 2848 434 2883 notus
453 2846 473 2880 et
492 2840 536 2880 aliis
552 2840 650 2892 apostolis
666 2840 822 2895 discipulisque,
844 2844 876 2895 qui

28 2895 115 2939 uiderant
131 2906 150 2940 et
165 2901 270 2941 audierant
283 2900 400 2948 Domitium,
423 2912 445 2939 eu
466 2910 549 2950 quornm
568 2898 667 2938 relatione
682 2900 744 2939 inulta
760 2900 831 2940 solitus
847 2907 878 2940 est

29 2962 196 3007 commemorare,
220 2971 270 3010 quae
292 2957 364 2996 litteris
383 2955 462 3009 prodita
482 2967 523 2994 non
542 2959 594 2994 sunt.
624 2955 689 2996 Huius
704 2956 742 2996 riri
757 2957 782 2997 de
798 2958 877 2998 Christo

30 3006 90 3061 [leque
105 3013 178 3055 ctu-isti
195 3014 299 3068 discipulis
315 3026 419 3054 sennones
434 3013 528 3053 lronaeus
543 3025 593 3064 puer
608 3012 731 3053 aridissimis
749 3014 829 3054 imbibit
844 3028 877 3054 au-

729 3085 739 3121 l
