1936 3304
53 196 95 236 atu
320 210 366 237 nnn.
382 208 480 236 trassunrl
495 207 625 235 nissnnrarro
641 209 656 236 n

55 309 136 362 quidem
152 308 232 360 attingit
247 309 371 358 Dodwellus3
393 308 454 348 innuo
472 320 511 349 nec
526 312 619 348 auctores
634 309 711 361 primae
726 308 838 350 sententiae
853 309 909 351 valde

55 372 149 418 premunt
165 380 188 407 ea
204 379 254 418 quae
268 368 346 419 profert
360 366 381 405 in
396 379 431 405 eos
446 370 570 417 argumenta.

113 423 147 463 32.
178 424 236 472 „rlt,“
251 423 322 475 inquit,
338 428 406 471 „tanta
415 435 476 474 quum
491 422 552 463 fuerit
560 427 667 474 martyrum
675 423 728 474 apud
736 427 814 463 veteres
822 424 909 463 auotori-

55 488 94 528 tas,
109 488 132 520 ut
145 487 253 532 martyrum
268 492 369 531 nunquam
384 479 428 519 sine
443 479 533 532 martyrii
553 479 645 519 encomio
658 479 782 519 mentionem
796 480 910 520 faciendam

57 538 204 585 existimarent,
220 536 267 588 quid
283 537 381 589 estquod
397 533 502 577 irenaeum
517 549 575 576 nemo
592 535 721 584 eveteribus,
737 536 839 577 etiamubi
851 537 910 577 testis

58 595 169 642 adducitur,
185 593 244 634 etiam
260 593 294 633 ubi
310 605 354 632 euin
370 593 415 633 aliis
431 594 515 633 testibus
530 592 650 645 martyribus
666 592 745 633 iunctus
760 593 842 645 legitur,
858 606 910 633 mar-

59 659 120 703 tyrem
137 657 203 690 tamen
219 648 359 702 appellavit?“
374 651 396 690 Id
413 650 547 691 confidentius
562 650 635 690 asserit
648 649 769 690 bodivellus.
799 652 828 690 An
848 662 859 689 e
877 663 910 690 ve-

59 715 122 748 terum
137 708 227 758 catalogo
243 712 343 758 expunget
357 707 506 759 Hieronymum,
522 712 624 747 auctorem
632 706 777 755 Quaestionum
793 707 911 759 etRespon-

58 766 137 804 sianum
157 764 180 803 ad
201 764 330 809 orthodoxos,
350 770 369 803 ot
389 764 507 816 Gregorium
522 761 675 804 Turonensem?
699 763 759 816 Atqui
778 763 807 803 illi
830 763 911 804 disertis

58 821 124 862 verbis
139 821 244 860 Irenaeum
258 826 365 873 martyrem
380 822 491 873 appellant,
508 834 531 861 ae
545 820 624 872 priores
640 820 721 873 quidem
736 821 775 860 duo
790 820 825 860 ubi
839 825 912 860 testem

59 878 166 917 adducunt.
195 878 270 916 Eorum
286 878 365 929 quidem
380 879 412 918 rel
427 878 486 918 fidem
502 878 590 923 elevare,
608 878 639 917 rel
657 877 796 917 testimonium
810 877 911 917 infirmare

58 934 138 982 nititur,
159 934 194 974 sed
209 935 265 974 vanis
281 934 450 982 cavillationibus,
472 948 520 987 quas
537 939 606 986 postea
621 934 760 974 discutiemus
789 933 826 974 His
841 934 911 974 adiun-

59 992 119 1042 gendi
133 990 264 1031 uetustissimi
278 991 465 1043 martyrologiorum
481 998 501 1032 et
515 991 675 1033 calendariorum
689 992 806 1043 scriptores,
822 990 855 1043 qui
870 991 911 1030 lre-

59 1060 131 1088 naeum
146 1048 167 1087 in
182 1055 289 1100 martyrum
304 1049 367 1088 fastos
384 1049 547 1089 constantissime
562 1048 683 1097 retulerunt3
698 1047 759 1100 idque
774 1060 815 1087 non
830 1048 911 1100 propria

60 1105 185 1153 auctoritate,
201 1117 241 1145 non
258 1105 347 1145 futilibus
363 1106 490 1153 coniecturis,
506 1112 540 1146 aut
553 1111 630 1146 temere
645 1105 760 1152 divinando,
770 1105 811 1160 'sed
827 1118 850 1145 ex
858 1108 911 1144 vete-

59 1162 115 1201 ribus
131 1162 260 1202 ecclesiarum
276 1163 411 1202 monumentis
427 1175 477 1215 quae
493 1163 625 1203 consulebant
639 1167 659 1202 et
673 1175 721 1214 prae
731 1161 794 1201 oculis
805 1161 911 1201 habebant.

60 1218 102 1259 Hos
118 1219 136 1258 si
151 1219 275 1260 fabulatores
290 1220 363 1259 iterum
378 1220 465 1272 appellet
479 1220 599 1266 Dodwellus,
614 1219 734 1265 meminerit,
750 1218 775 1258 iis
783 1218 850 1258 uerbis
859 1218 912 1258 eius-

61 1275 116 1315 modi
131 1276 282 1315 criminationes
304 1277 378 1316 dudum
393 1276 497 1328 excepisse
513 1277 652 1317 doctissimum
667 1282 757 1316 nastrum
773 1288 796 1315 ac
810 1276 856 1330 piae
870 1288 912 1314 me-

7 1351 12 1356 *
60 1332 137 1372 moriae
152 1333 175 1372 D.
191 1333 337 1372 Theodericum
357 1331 476 1384 Ruinart¹l,
499 1339 521 1373 nt
543 1334 567 1373 ad
586 1333 659 1373 incitas
677 1334 769 1373 redactus
787 1332 913 1384 desperatam

61 1401 154 1428 caussam
169 1390 221 1429 tueri
236 1390 484 1441 lracteuusnonpotuerit.
514 1390 654 1439 ,‚Etsieni1n,“
670 1390 782 1443 inquitille,
798 1388 912 1438 „eiusmodi

60 1446 124 1485 libros
139 1445 163 1485 ab
180 1446 234 1485 orrrrri
249 1446 329 1498 penitus
345 1447 417 1486 mendo
433 1448 532 1487 imnumes
548 1459 593 1487 esse
601 1448 700 1487 affirmare
710 1459 768 1486 nemo
774 1446 841 1499 possit
856 1446 913 1493 (haec

62 1502 137 1554 quippe
152 1508 183 1542 est
197 1502 305 1552 singularis
320 1516 423 1543 sacrorum
440 1504 531 1544 codicum
549 1503 705 1557 praerogativa),
724 1516 764 1543 non
784 1508 851 1544 tamen
865 1502 913 1541 hino

62 1559 136 1599 inlerre
150 1560 207 1606 licet,
224 1572 259 1599 eos
274 1560 326 1600 mala
340 1561 390 1607 fide,
410 1567 443 1601 aut
458 1567 543 1609 temere,
564 1566 597 1601 aut
611 1561 682 1601 leviter
697 1560 823 1612 conscriptos
838 1560 913 1605 fuisser

61 1616 123 1655 immo
138 1629 185 1657 xero
201 1621 277 1656 certum
293 1623 323 1657 est
341 1618 481 1670 martyrologia
501 1631 511 1658 a
530 1617 579 1658 viris
598 1618 701 1668 gravibus,
723 1630 747 1657 ex
765 1616 912 1668 antiquioribus

62 1673 197 1713 incitamentis
213 1679 233 1713 et
247 1674 377 1725 peculiarium
393 1676 524 1715 ecclesiarum
539 1674 659 1715 calendariis
674 1675 758 1715 collecta
773 1674 846 1713 luisse:
863 1687 913 1725 quae

63 1743 124 1782 quum
139 1730 163 1770 ah
179 1730 281 1783 episcopis
296 1732 406 1783 approbata
421 1732 517 1779 fuissent,
536 1732 616 1784 publice
632 1731 652 1771 in
667 1731 811 1772 ecclesiasticis
827 1743 913 1770 conven-

62 1787 116 1826 tibus
130 1787 182 1827 lecta
197 1788 288 1835 hrerunt3
308 1793 330 1827 ut
345 1788 362 1828 si
382 1790 471 1829 onnriurn
490 1796 604 1829 sanctorum
623 1788 742 1829 festivitates
761 1787 858 1828 celebrari
872 1799 913 1826 non

62 1849 157 1896 possent,
179 1857 249 1884 eorum
268 1845 338 1885 saltem
358 1846 423 1897 aliqua
443 1846 605 1886 continemoratio
624 1846 691 1893 fieret,
713 1851 755 1885 turn
777 1845 798 1884 in
816 1850 914 1884 tesseram

62 1901 221 1949 communionis,
242 1913 293 1953 tyriae
307 1902 360 1942 iuter
375 1903 471 1943 eeclesias
491 1902 600 1943 catholicas
613 1902 682 1942 haberi
698 1902 766 1942 dehet:
789 1907 831 1941 tum
849 1905 872 1941 ut
890 1913 913 1940 ea

61 1958 140 1998 ratione
159 1957 232 2010 aliryuis
252 1959 323 1998 saltem
346 1960 410 1999 cultus
430 1959 502 2000 exteris
522 1959 641 2011 martyribus
657 1959 790 2000 exhiberetur.
821 1959 914 1999 Ceterum

62 2015 112 2054 falso
129 2016 225 2055 confictas
240 2020 348 2067 martyrum
364 2016 459 2056 historias
474 2016 515 2067 igni
530 2016 583 2057 tradi
598 2016 667 2056 iubent
681 2015 770 2056 Trullani
786 2014 866 2055 correilii
878 2027 913 2066 pa-

62 2079 103 2111 tres
119 2084 163 2111 can.
179 2072 213 2111 63.
227 2077 334 2124 vetantque
349 2086 374 2112 nc
389 2073 411 2112 in
426 2074 511 2114 ecclesia
526 2074 627 2125 legantur:
648 2086 683 2113 eos
699 2078 764 2113 autem
780 2073 813 2124 qui
830 2085 863 2112 eas
879 2072 913 2111 ad-

62 2128 171 2173 mitterent,
187 2129 307 2169 anathemati
323 2130 453 2170 sortiemur
483 2131 636 2180 Quadostendil
649 2136 722 2182 [planta
737 2129 829 2171 cautione
844 2141 868 2169 ac
882 2141 914 2168 re-

62 2184 137 2236 ligione
151 2198 225 2225 nomen
240 2186 324 2226 alieuius
339 2200 350 2226 a
365 2187 475 2228 inaioribus
491 2187 566 2228 nostris
577 2187 597 2227 in
606 2188 671 2227 album
683 2192 790 2239 martyrum
799 2188 914 2232 referretur,

62 2255 100 2282 nec
115 2242 178 2282 cuivis
194 2243 220 2281 ita
236 2244 311 2283 referre
331 2256 367 2294 pro
386 2244 443 2284 libito
463 2244 551 2284 licuisse.
581 2245 652 2284 Editus
671 2249 702 2284 est
723 2257 745 2283 ea
765 2245 790 2284 de
808 2257 830 2284 re
850 2255 915 2283 canon

63 2300 163 2339 secundus
178 2299 259 2339 coticilii
275 2312 288 2339 r.
305 2300 464 2351 carthaginensis
479 2301 516 2341 sub
533 2301 605 2347 Grato,
621 2306 712 2352 tempore
727 2300 772 2340 lulii
787 2313 858 2352 papae.
873 2300 915 2340 Nec

62 2356 112 2396 latet
127 2356 247 2407 quempiam,
263 2356 361 2396 Lucillam
376 2357 480 2397 laietiosam
497 2358 660 2404 illamfetrrinanr,
677 2370 727 2410 quae
736 2357 840 2397 schismati
848 2357 914 2396 Dona-

64 2413 155 2453 tistarmn
170 2412 249 2452 initium
265 2414 363 2464 praebuit,
380 2414 431 2466 quod
447 2414 523 2455 honrini
540 2414 618 2455 cuidam
626 2420 711 2463 mortuo,
728 2417 865 2467 etsirnartyri,
881 2414 915 2453 sed

63 2470 146 2510 necdum
166 2470 277 2516 viredinem,
299 2471 377 2522 aliquos
396 2471 484 2511 honores
504 2471 636 2519 exhibuisset,
660 2472 684 2511 ab
703 2472 801 2512 eeclesiae
816 2470 914 2511 ministris

64 2534 177 2579 correptum
192 2525 285 2577 fuisse2).
316 2527 371 2568 Adeo
387 2535 462 2569 certum
478 2534 514 2577 est,
530 2534 552 2569 ut
567 2529 605 2569 alia
620 2529 687 2576 multa,
704 2541 754 2581 quae
770 2527 855 2581 proferri
866 2540 914 2580 pos-

64 2589 115 2631 sent,
131 2589 245 2634 argumenta
261 2585 429 2636 praetermittam,
449 2586 546 2626 sollicitos
566 2598 646 2638 semper
660 2586 723 2626 luisse
739 2585 869 2626 ecclesiarum
883 2597 914 2624 re-

64 2646 135 2686 ctores,
151 2653 177 2679 ne
192 2641 237 2692 quis
252 2647 327 2680 temere
341 2647 450 2694 martyrum
465 2656 548 2683 numero
568 2643 722 2683 adscriberetur.

122 2697 155 2736 33.
184 2697 257 2737 Verum
271 2703 294 2737 ut
309 2698 333 2737 ad
344 2699 495 2748 Tertullianum,
511 2700 626 2748 Eusebium,
642 2700 783 2752 Epiphaniam,
799 2698 915 2738 Theodore-

65 2759 112 2800 tum,
128 2759 148 2792 et
163 2753 212 2793 alios
229 2767 279 2806 qiros
294 2754 314 2794 in
331 2768 414 2796 caussae
429 2770 477 2797 suae
492 2756 631 2797 defensionem
647 2757 695 2796 citat
710 2755 828 2802 rudwertus,
843 2755 916 2807 pedem

63 2810 185 2857 referamus;
201 2810 230 2850 illi
246 2811 326 2863 quidem
334 2812 438 2852 Irenaeum
452 2827 551 2866 mrsquam
566 2814 668 2866 appellant
682 2818 798 2866 martyrem:
815 2813 851 2852 sed
866 2811 916 2852 nihil

65 2866 118 2907 aliud
134 2866 158 2906 ad
175 2879 273 2907 sruumum
289 2882 311 2908 ex
327 2882 396 2909 eorum
412 2870 493 2910 silentio
509 2870 575 2921 colligi
591 2877 667 2922 potest,
683 2870 722 2910 nisi
738 2869 791 2922 qaod
806 2870 830 2909 ad
847 2881 915 2909 eorum

64 2923 156 2964 notitiam
175 2931 218 2963 acta
239 2926 325 2977 martyrii
342 2939 382 2966 non
398 2927 534 2979 pervenerint,
555 2933 588 2967 aut
603 2936 708 2979 martyrem
723 2927 786 2967 luisse
801 2926 916 2967 nescierint.

114 3049 128 3087 ll
140 3051 173 3081 Aet.
187 3050 230 3081 llurt.
244 3051 284 3082 siric.
298 3055 313 3081 et
325 3051 353 3082 sol.
367 3051 419 3084 Praes.
433 3050 449 3094 ξ,
461 3052 476 3085 3,
490 3054 504 3084 u
553 3053 568 3091 2]
582 3053 634 3094 Optat.
648 3052 657 3083 l.
672 3052 682 3084 t.
