1936 3304
131 178 219 207 WALCilll
230 176 255 205 ΒΕ
264 176 465 207 aurnunriamurtant
476 178 547 206 OPERIS
556 178 598 206 ΑΝ.
612 178 829 207 ΗΑΕΙῖκΟΟΜΜΕΝΤΑΤΙΟ.
868 169 907 209 371

109 281 144 322 Ill.
168 280 303 331 Quaecunque
325 280 345 319 in
360 279 439 320 lrenaei
461 278 520 319 libris
539 286 617 320 veteres
638 280 740 320 inuenisse
756 279 796 320 sihi
809 280 848 320 uisi
863 286 911 321 sunt

54 344 181 383 ornamenta,
205 335 320 387 diligentiae
339 336 424 375 maxime
443 335 464 374 in
484 335 602 387 colligendis
622 336 707 375 aliorum
723 336 830 376 sententiis
846 342 866 377 et
880 338 909 376 le-

53 394 127 435 ctionis
142 392 291 445 ruricolaeque
306 393 356 432 haec
371 393 392 432 in
407 392 483 431 nostris
497 393 575 433 Irenaei
591 392 742 433 commentariis
757 393 909 440 desideraveris,

53 451 113 492 niodo
129 461 205 500 aequus
220 449 248 488 sis
264 454 284 489 et
299 450 365 489 onmia
381 461 404 487 er
419 447 472 496 aeri,
497 462 535 500 quo
551 449 622 501 scripti
638 454 695 496 sunt,
713 448 825 489 rationibus
841 457 861 489 et
875 463 909 490 au-

54 506 115 547 ctoris
130 505 195 558 ipsius
210 511 265 546 sorte
280 505 382 546 aestimari
398 504 472 545 dehere
488 505 613 556 cogitaveris.
633 505 773 554 Tertullianus,
788 506 818 545 nti
833 506 909 546 autliri-

53 576 107 608 mus,
123 562 234 602 honorifice
250 563 274 602 de
289 563 372 601 Irenaeo
387 561 483 601 indicavit
498 574 582 614 eumque
596 561 671 614 insigni
687 562 753 613 elogio
769 565 858 603 ornatum
873 564 909 604 do-

55 622 169 659 ctriuurann
191 621 327 659 orerecurrunt
341 618 480 670 exploratoris
496 619 643 659 condecoravit.
674 618 732 666 Qtrod
748 632 807 671 optram
821 632 868 659 rere
883 619 910 659 sit

54 676 138 723 dictum,
162 688 232 715 ornnes
248 675 322 715 sentire
338 678 428 727 oportet,
451 674 524 727 quihus
539 676 599 715 modo
614 675 691 716 irenaei
706 675 770 715 lihros
786 676 850 716 oculis
867 676 909 716 suis

54 733 155 784 inspicere
173 731 261 772 libuerit.
290 731 335 771 Non
358 731 422 770 solum
438 731 491 770 enim
506 743 598 782 magnam
613 732 735 781 diligentiam
751 733 772 772 in
787 732 909 784 investigan-

54 788 85 829 dis
100 793 130 827 tot
143 788 291 828 haereticorum
306 786 447 838 cominentis¹t
463 789 581 840 arcariisque
596 787 693 828 doctrinis
708 794 727 828 et
740 788 839 829 institutis
847 789 910 829 collo-

55 844 116 893 carit3
139 845 174 884 sed
197 844 257 885 etiam
278 849 368 884 veterum
389 844 558 896 philosophorum
579 851 687 896 praecepta
711 856 755 884 curn
770 845 802 884 his
818 846 908 886 contulit.

55 902 121 949 Qtrare
136 901 196 941 etiam
211 901 343 954 nitram-mus
358 901 462 941 Irenaeum
477 902 516 941 hoc
531 902 613 942 nornine
627 901 719 950 laudauit,
736 902 789 953 quod
806 903 909 956 caprulas

52 957 222 1012 philosophorum
242 958 334 1010 sontibus
356 958 451 998 haereses
469 961 598 999 artoriooerr'nt
615 958 759 1011 conplicat-erit,
782 971 820 998 nec
834 971 909 1011 negare

55 1015 99 1067 qtiis
115 1027 175 1054 ausus
192 1019 227 1061 est,
251 1014 312 1054 simili
326 1015 386 1054 inodo
403 1027 448 1055 cirin
463 1015 545 1066 puriora
561 1014 682 1055 christianae
697 1015 802 1065 religionis
816 1016 910 1066 rlogrnata

54 1071 149 1111 hahuisse
165 1070 250 1122 cognita,
267 1083 317 1122 qirae
332 1071 356 1110 ah
373 1071 552 1111 obtrectationibus
568 1071 909 1112 etcalumniisvindicandicaussa

55 1139 105 1179 opus
121 1127 169 1167 illud
185 1132 308 1179 susceperat.
339 1128 405 1175 Quare
419 1139 460 1166 non
475 1139 564 1178 possum,
581 1128 629 1179 (puin
643 1128 729 1168 Nathan.
755 1128 858 1168 Lardnero
874 1128 908 1168 ad-

55 1183 136 1232 sentiar,
152 1184 186 1235 qui
194 1184 313 1223 Tertulliani
328 1196 397 1224 vocem
413 1186 501 1223 errantum
516 1185 657 1224 tloctrtuuramt
672 1184 699 1224 ita
715 1189 746 1224 est
757 1184 908 1237 interpretatus,

55 1245 77 1280 ut
96 1241 164 1281 cadem
185 1240 256 1292 triplex
272 1240 325 1292 [pared
341 1240 495 1280 corriutemorari
511 1240 647 1280 doctrinarum
662 1252 735 1291 genus,
756 1241 909 1294 philosophico-

56 1309 111 1344 rum,
135 1298 282 1337 lteeran'coriuu
297 1301 317 1336 et
332 1297 491 1337 etutsttuaomm
504 1300 615 1349 patriorum
630 1297 749 1348 significari,
773 1298 910 1338 coniecturam

55 1351 159 1405 laceret2).
187 1354 239 1393 Num
261 1353 310 1393 satis
332 1358 387 1393 recte
409 1358 439 1393 tet
462 1359 541 1405 taloque
559 1354 637 1394 diversa
656 1353 787 1394 sentientium
802 1354 909 1406 opiniones

56 1410 173 1462 conceperit
187 1409 253 1450 animo
268 1410 375 1462 verbisque
390 1410 517 1461 expresserit,
533 1422 581 1450 utrm
597 1423 676 1462 semper
691 1416 768 1450 rectum
781 1410 909 1451 tuleritiudi-

56 1467 109 1507 eiuro
124 1467 148 1507 de
164 1467 240 1518 origine
254 1466 374 1514 haeresium,
391 1479 414 1506 ex
427 1467 601 1518 philosophorum,
616 1467 706 1507 Platonis
721 1467 806 1507 maxime
814 1467 909 1508 aliorum-

57 1536 95 1575 que
110 1535 226 1574 graecorum
241 1523 315 1563 scholis
331 1522 453 1570 deducenda,
469 1528 538 1562 nostra
554 1523 634 1575 quidem
649 1536 690 1563 raon
705 1523 796 1571 interest,
811 1523 909 1563 hocloco

56 1580 138 1620 uherius
160 1577 292 1630 inquirere³).
322 1579 375 1619 Satis
390 1579 443 1618 enim
458 1584 499 1627 est,
522 1592 546 1619 ex
559 1579 617 1619 lihris
633 1580 728 1620 adversus
743 1579 838 1620 lraereses
853 1580 910 1620 lucu-

56 1637 121 1676 lenter
136 1636 240 1688 cognosci,
255 1635 316 1676 talem
332 1648 402 1675 eorum
417 1642 471 1675 certe
486 1635 549 1676 fuisse
565 1643 678 1684 auctorem,
699 1636 778 1691 qualem
794 1649 829 1677 sua
845 1640 910 1676 aetate

56 1694 160 1733 Irenaeum
175 1697 244 1732 contra
259 1692 372 1732 haereticos
388 1691 507 1744 scriptorem
522 1692 585 1732 luisse
599 1698 676 1733 ratores
688 1692 807 1741 iudicarunt,
824 1693 864 1732 hoe
872 1699 908 1741 est,

56 1750 154 1789 variarum
173 1749 225 1789 inter
238 1749 371 1804 philosophos
387 1755 406 1788 et
422 1749 545 1789 Christianos
561 1749 671 1789 factionum
686 1749 787 1789 derebus
802 1748 875 1789 diuinis
891 1756 911 1789 et

57 1806 81 1846 ad
96 1818 162 1845 mores
177 1805 324 1858 pertinentibus
340 1804 450 1845 sententias
466 1805 582 1857 explorandi
598 1806 716 1845 studiosum.
737 1806 789 1846 Hinc
804 1805 825 1844 in
838 1806 911 1845 iisdem

57 1862 209 1902 cormnemorari
225 1862 400 1902 celeberrimorum
415 1862 467 1914 apud
480 1862 567 1902 Graecos
582 1862 748 1914 philosophorum
763 1862 845 1901 nentina
855 1862 910 1901 vide-

57 1918 95 1966 his,
110 1924 145 1958 atit
159 1919 246 1965 excitari,
262 1918 321 1958 niodo
336 1917 414 1958 laudari
428 1919 489 1958 ruodo
503 1918 625 1970 reprehendi
641 1918 699 1967 dieta,
715 1932 733 1958 v,
750 1930 765 1958 c.
774 1919 910 1969 Anaxagorae,

57 1975 204 2023 Anaximandri,
214 1974 333 2022 Aristotelis,
348 1974 464 2021 Democriti,
479 1974 566 2026 Epicuri,
582 1974 679 2022 Platonis,
694 1975 823 2026 Pythagorae,
837 1975 910 2014 Thale-

59 2032 89 2079 tis,
113 2036 132 2071 et
146 2032 190 2083 pari
205 2031 282 2070 ratione
296 2035 407 2082 poetarum,
429 2030 520 2078 Hesiodi,
539 2031 628 2079 Homeri,
642 2031 732 2079 Pindari,
747 2031 857 2078 Menandri,
873 2032 910 2072 So-

58 2088 143 2140 phoclis,
158 2087 276 2133 Stesichori,
291 2088 339 2127 item
353 2084 459 2138 Aesopi4).
480 2086 495 2127 A
519 2099 566 2126 vero
582 2099 608 2126 ne
623 2087 671 2138 quid
685 2088 728 2126 reri
743 2099 784 2127 non
800 2087 867 2127 dicere
881 2086 910 2127 vi-

58 2145 116 2192 dear,
138 2145 204 2183 nostri
224 2143 270 2182 lihri
292 2143 369 2194 indigni
390 2143 478 2182 oninium
500 2143 542 2182 lere
564 2142 639 2182 iudicio
659 2149 706 2183 sunt
724 2144 783 2183 laude
805 2143 848 2189 illa,
872 2155 911 2194 qua

58 2200 135 2240 irenaei
151 2213 202 2252 opus
216 2200 349 2252 hieronymus
365 2199 511 2247 cohonestavit,
534 2202 667 2252 corrrposm'sse
683 2211 729 2239 eum
742 2199 782 2238 hoc
797 2199 911 2239 electissimo

59 2263 78 2295 et
93 2256 252 2309 eloquentissimo
268 2268 366 2297 stennone.
381 2256 487 2296 Doctrinae
503 2256 584 2308 quidem
599 2256 679 2307 copiam
693 2268 752 2295 neum
761 2254 911 2301 desideraverit,

59 2317 79 2351 at
94 2312 226 2365 eloquentium
242 2312 379 2364 orationisque
395 2313 512 2363 elegantiam
528 2325 591 2364 aeque
606 2325 664 2352 nemo
680 2312 702 2351 in
716 2312 748 2351 his
763 2311 912 2351 commentariis

59 2368 167 2418 invenerim
187 2382 225 2409 uec
243 2369 304 2408 modo
321 2369 384 2408 latina
402 2369 553 2420 interpretatio,
573 2368 608 2408 sed
627 2368 668 2420 ipsi
682 2368 742 2408 etiarn
757 2367 823 2418 graeei
839 2368 912 2414 fontes,

61 2429 154 2474 qtrantum
170 2438 205 2465 eos
220 2426 321 2473 novimus,
341 2424 392 2464 nihil
407 2424 521 2472 continent,
542 2424 595 2476 (pared
612 2424 637 2463 oh
652 2424 766 2464 sactindiam
783 2427 802 2462 et
817 2422 912 2462 dictionis

60 2480 170 2520 ubertatem
190 2486 224 2522 aut
238 2486 362 2523 vermstatem
378 2480 492 2529 admireris,
514 2480 562 2521 licet
576 2481 614 2520 hos
629 2479 682 2519 illam
698 2479 778 2531 egregie
793 2478 913 2519 antecellere

66 2600 271 2607 ..ἡὴ-...-

107 2684 123 2724 tl
135 2683 204 2724 Legatur
216 2685 272 2717 lienati
284 2686 359 2718 llassueti
371 2682 461 2718 dissertatio
473 2684 537 2726 praeuia
549 2684 607 2726 prima,
620 2693 650 2725 qtra
662 2682 786 2724 haeretieorum,
803 2691 871 2725 quornm
884 2683 914 2714 do-

61 2733 113 2768 gmata
125 2729 200 2761 lrenaeus
213 2731 296 2770 enarrarit,
309 2732 372 2764 erlaihet
384 2740 449 2762 censum
461 2730 532 2762 studiose
544 2731 604 2761 tactum
617 2734 632 2760 et
643 2728 746 2760 illustratum.
804 2727 821 2767 2)
834 2728 851 2758 lu
864 2729 915 2759 crodi-

61 2775 106 2814 hz'lilp
122 2777 139 2816 of
153 2776 177 2807 tlte
195 2775 211 2807 G.
227 2775 246 2806 Η.
261 2776 301 2807 Part.
317 2777 337 2808 ll.
357 2776 391 2808 Vol.
403 2777 415 2807 l.
431 2785 467 2818 pag.
484 2774 517 2807 346
533 2776 560 2807 nbi
576 2775 642 2807 recitate
659 2773 753 2806 Tertulliani
769 2774 816 2805 eltuto
832 2772 872 2804 haec
885 2773 914 2804 ad-

62 2819 136 2860 scripsit:
149 2821 167 2851 he
177 2829 230 2852 ratenus
242 2821 254 2851 it
266 2821 280 2851 is
292 2822 347 2861 liltely,
365 2824 397 2855 thot
408 2822 479 2853 irenaeus
492 2822 522 2853 hed
533 2821 568 2853 um
580 2820 641 2852 studicd
653 2819 677 2851 tlte
689 2821 777 2851 sentimenta
790 2820 808 2859 of
817 2819 842 2849 tte
850 2818 915 2850 lreotlten

61 2864 174 2906 Philosophum,
188 2866 218 2897 arrd
231 2867 249 2906 et'
258 2866 328 2905 territes,
342 2877 359 2899 us
370 2867 405 2899 ioell
417 2877 434 2899 os
447 2867 471 2898 llic
481 2866 565 2908 principles
577 2868 595 2907 of
605 2866 629 2897 the
640 2865 794 2904 cluirhoullelipiou.
806 2862 850 2894 lade
862 2871 915 2894 vener.

62 2909 84 2940 lo.
100 2910 142 2941 niu
161 2910 212 2942 Cellae
229 2911 294 2942 Vemueh
310 2912 352 2942 einer
366 2912 501 2944 llirchenhistorie.
526 2912 554 2942 To.
569 2910 590 2942 ll.
606 2920 622 2951 p.
635 2908 673 2942 tes.
721 2909 737 2947 3)
749 2909 800 2947 Leges
816 2913 870 2939 tamen
883 2908 915 2939 lac.

61 2952 137 2986 Bructeri
149 2955 186 2986 hist.
199 2954 248 2987 critic.
260 2955 300 2997 phil.
316 2955 351 2987 Vol.
363 2955 391 2988 lll.
403 2967 419 2998 p.
432 2956 471 2989 408.
525 2956 542 2996 t)
554 2956 616 2987 lrenaei
628 2954 670 2995 loca,
682 2955 709 2987 ubl
721 2954 761 2986 haec
773 2952 873 2993 aliorumque
885 2961 916 2984 nc-

63 2998 105 3030 mina
118 3005 210 3040 occurrunt,
222 3010 268 3032 more
280 3009 309 3032 suo
320 3001 410 3033 notavitlo.
423 3001 546 3035 iithFabricius
557 3001 631 3034 biblioth.
644 3010 696 3041 graec.
721 2998 753 3031 Vol.
765 2997 782 3068 X.
794 3007 811 3039 p.
823 2997 845 3030 te
857 3007 881 3041 sq.
