1936 3304
256 187 267 213 a
283 186 359 215 anonas
374 186 483 214 nrscrrvars
499 186 577 213 rrarrn
593 184 681 212 scarum.
856 174 897 215 429

46 294 140 333 irenaeus
160 286 239 343 γνῶσιν
258 286 277 327 in
296 287 353 327 libris
369 294 437 328 contra
452 288 547 328 haereses
562 286 620 327 aliter
635 285 772 337 descripserit.
803 287 841 327 Sed
858 299 899 326 non

47 346 158 389 observavit
173 345 202 384 vir
217 343 295 393 doctus,
309 357 347 384 nos
362 345 383 384 id
398 345 418 384 in
435 345 522 385 editione
535 342 653 394 Hagiensi¹)
670 342 756 383 sollicite
771 341 897 384 observasse.

444 448 464 496 s.
479 450 499 487 ι.

103 517 159 563 Quae
178 518 246 553 contra
266 514 398 565 fragmentum
416 514 525 553 secundum
545 522 614 553 monet
633 513 663 552 vir
687 512 821 559 clarissimus,
845 513 899 553 sacili

46 573 115 614 itidem
130 571 211 622 negotio
228 570 339 610 convellere
354 570 412 609 nobis
428 570 513 611 dabitur.
542 570 629 617 Etenim,
646 582 705 622 quum
722 582 766 609 eam
781 569 841 609 nobis
853 582 899 609 sen-

47 630 128 670 tentiam
144 628 247 674 attribuat,
263 626 317 678 quod
332 632 453 673 statuamus,
470 628 574 666 irenaeum
589 627 635 665 heic
649 639 698 666 voce
714 621 836 675 διατάξεων
852 627 899 666 alle-

47 699 92 737 gare
112 684 251 724 collectionem
273 682 372 735 quaedam
393 683 557 723 constitutionum
580 683 736 734 apostolicarum
756 696 792 723 suo
809 688 899 735 tempore

48 744 124 787 saetam,
140 741 200 792 idque
216 752 239 778 en
254 752 278 779 eo
293 743 369 792 patere,
386 741 438 792 quod
455 740 502 780 alibi
518 744 613 791 provocet
628 740 652 778 ad
667 740 786 779 traditiones
796 740 899 779 seniorum

47 799 71 839 ab
86 797 183 851 apostolis
198 797 290 840 haustas,
306 802 386 847 praeter
400 808 442 837 rem
457 796 516 836 nobis
533 796 620 846 altingit,
636 796 689 847 quod
705 797 804 835 affirmare
820 797 840 835 in
856 796 899 836 ani-

47 868 101 896 mum
115 859 205 895 nostrum
220 864 323 905 nnnquarn
338 853 458 901 induximus,
474 853 515 906 qui,
532 853 579 905 qmd
594 865 630 904 per
646 847 900 904 dretcdfargillasaposto-

47 913 96 951 licas
111 912 131 951 in
146 911 258 961 fragmento
273 913 343 949 nostro
359 909 481 961 designetur,
497 922 545 949 num
559 909 679 949 traditiones
692 910 817 962 scriptaevcl
826 909 899 958 orales,

47 968 117 1008 nullibi
133 966 314 1013 (interminavinurs,
331 967 365 1006 sed
381 966 401 1006 in
417 979 438 1006 re
454 966 554 1017 incognita
571 970 629 1017 atque
645 966 730 1006 obscura
746 966 899 1006 iudiciumlrac-

48 1030 105 1064 tenus
121 1023 270 1075 suspendimus.
296 1022 344 1062 Eam
357 1035 403 1062 vero
419 1023 583 1062 constitutionum
591 1023 746 1074 apostolicarum
753 1022 899 1072 collectionem,

49 1094 98 1132 [qnae
113 1080 225 1120 adhucdum
241 1084 309 1128 exstat,
325 1092 349 1118 ex
364 1075 519 1127 διδασκαλίαις
534 1079 621 1118 virorum
637 1080 793 1130 apostolicorum
808 1080 900 1119 haustam

47 1137 140 1188 varieque
155 1136 240 1176 subinde
255 1136 394 1187 interpolatam
411 1141 430 1176 et
445 1140 558 1187 corruptam
574 1148 626 1181 osse,
642 1148 679 1175 nec
694 1135 738 1187 ipse
753 1136 900 1188 penitusnegat

49 1193 175 1233 doctissimus
189 1193 299 1241 blarruuvs,
316 1192 353 1232 etsi
369 1192 506 1244 quaestionem
521 1191 580 1241 banc,
595 1196 663 1243 utpote
680 1204 730 1243 quae
744 1192 901 1244 prolixissimam

48 1250 137 1289 videatur
158 1262 239 1301 operam
258 1248 372 1301 requirere,
391 1250 489 1288 hactenus
505 1248 668 1288 excutere-nolit.
698 1248 812 1288 Arbitratur
826 1254 900 1296 tauron,

48 1306 69 1345 in
89 1307 201 1355 fragmento
222 1311 291 1345 nostro
311 1318 348 1356 per
366 1300 479 1354 διατάξεις
499 1304 653 1344 constitutiones
673 1305 759 1357 scriptas
778 1318 819 1345 raon
836 1306 901 1346 orales

48 1362 138 1414 intelligi,
154 1375 216 1414 quum
230 1362 251 1402 in
265 1362 407 1402 traditionibus
422 1362 510 1401 oralibus
525 1361 591 1400 nullae
606 1361 679 1401 dentur
690 1365 773 1414 priores
789 1363 820 1402 vel
832 1370 901 1415 postc-

50 1421 124 1459 riores.
155 1419 212 1466 Quod
232 1419 265 1470 qui
285 1418 324 1459 dici
340 1419 416 1470 possit,
435 1431 473 1458 nos
489 1430 536 1457 sanc
551 1417 604 1457 baud
620 1419 818 1470 comprehendimus,
840 1433 902 1471 quum

48 1475 117 1527 utique
135 1488 174 1515 una
193 1475 272 1514 traditio
292 1475 353 1515 altera
367 1474 434 1527 possit
448 1487 493 1514 esse
509 1474 608 1526 antiquior
622 1475 654 1514 vel
668 1475 779 1522 recerrtior,
799 1476 856 1527 prior
870 1476 902 1516 vel

47 1532 153 1583 posterior,
169 1532 253 1583 ipseque
267 1531 367 1572 Eusebius
384 1530 510 1571 traditionem
526 1530 658 1582 apostolicam
673 1531 697 1570 de
713 1532 808 1583 paschate
824 1532 901 1584 araq-

49 1593 102 1627 crate
121 1594 141 1627 et
159 1588 261 1639 episcopis
279 1587 373 1628 Asiaticis
393 1587 497 1638 allegatam
516 1593 574 1627 vocet
594 1581 740 1642 ἀρχαιοτέραν
755 1593 775 1628 et
789 1585 815 1629 τὸ
829 1584 903 1630 πάλαι

48 1639 156 1699 πρότερον
176 1639 252 1692 αὐτοῖς
270 1641 433 1699 τιαραδαδένῗ).
463 1644 568 1684 Irenaeum
584 1655 644 1695 porro
661 1644 685 1684 ad
701 1645 818 1685 traditiones
834 1646 902 1685 senio-

47 1713 91 1739 rum
107 1700 172 1740 orales
187 1713 307 1753 provocare,
327 1713 368 1740 non
388 1713 430 1741 eam
446 1700 467 1739 in
482 1713 526 1740 rem
541 1700 699 1749 observavimus,
720 1709 743 1741 ut
757 1702 804 1741 inde
820 1702 901 1742 conclu·
917 1731 920 1735 ,

49 1756 147 1804 daremus,
162 1757 184 1796 in
199 1758 310 1808 fragmento
325 1762 395 1797 nostro
411 1757 528 1797 traditiones
545 1757 630 1808 scriptas
645 1757 737 1808 allegari,
761 1759 835 1811 quippe
852 1772 902 1811 quae

48 1819 117 1853 nostra
132 1813 229 1854 sententia
245 1814 298 1854 baud
314 1812 372 1864 esti),
387 1814 419 1854 vel
434 1813 589 1853 constitutiones
605 1814 726 1865 apostolicas
741 1827 795 1855 nunc
807 1828 829 1855 eu
839 1814 903 1857 διδα-

49 1865 150 1918 σκαλίαις
164 1870 252 1910 virorum
267 1870 424 1923 apostolicorum
439 1871 513 1922 petitas
533 1882 587 1917 esse,
608 1870 629 1909 id
645 1871 698 1922 quod
714 1884 737 1910 ex
752 1871 796 1912 aliis
811 1872 901 1912 lontibus

50 1926 190 1966 arcessendum
207 1927 255 1974 erit,
271 1927 306 1967 sed
321 1932 343 1966 ut
357 1928 377 1967 id
393 1927 463 1966 saltem
479 1927 640 1974 ostenderemus,
657 1927 797 1977 allegationem
811 1929 902 1969 traditio-

49 1994 96 2021 num
111 1983 267 2034 apostolicarum
282 1984 365 2023 Irenaeo
381 1983 498 2023 tanriliarem
514 1995 566 2030 esse,
583 1982 625 2022 sive
640 1983 727 2034 scriptae
743 1996 778 2024 eac
794 1985 844 2033 sint,
861 1986 902 2025 sive

49 2038 121 2087 minus,
138 2051 197 2090 quum
214 2039 239 2078 dc
253 2039 292 2079 hoc
308 2039 388 2090 quidem
403 2039 474 2078 nullibi
489 2038 576 2078 instituti
591 2040 655 2078 nostri
671 2039 851 2083 fueritdisserere.'
864 2042 903 2082 Ubi

48 2107 94 2134 vero
110 2094 165 2134 addit
179 2095 209 2135 vir
223 2095 317 2143 illustris,
332 2095 397 2134 nullas
412 2095 472 2146 plane
488 2089 600 2144 διατάξεις
615 2096 736 2147 apostolicas
752 2098 838 2149 scriptas
852 2105 903 2138 tem-

49 2162 98 2201 pore
112 2151 190 2191 Irenaei
206 2152 317 2200 exstitisse,
333 2164 403 2192 secure
418 2151 477 2191 nimis
492 2151 513 2190 id
528 2150 658 2200 determinat,
681 2153 734 2203 quod
748 2154 833 2205 probatu
850 2160 904 2195 certe

49 2205 108 2258 longe
123 2212 154 2246 est
168 2207 313 2248 difficillimum.
342 2208 422 2248 Etenim
438 2208 471 2260 qui
485 2208 538 2248 hanc
553 2208 661 2249 defendere
676 2211 796 2249 sententiam
810 2211 902 2259 voluerit,

50 2268 95 2303 ante
110 2263 177 2303 omnia
193 2265 300 2305 ostendere
315 2264 379 2313 debet,
394 2269 473 2304 veteres
488 2264 538 2304 nihil
554 2277 629 2313 eorum,
646 2277 696 2317 quae
704 2266 728 2305 ab
737 2267 835 2319 apostolis
843 2267 903 2307 viris-

52 2330 90 2370 que
104 2320 222 2372 apostolicis
237 2321 356 2369 harrserant,
376 2321 452 2373 scripto
469 2321 610 2372 consignasse,
630 2322 716 2374 fictaque
736 2336 782 2363 esse
797 2329 831 2363 aut
845 2325 903 2364 firmo

51 2375 120 2415 saltem
134 2376 174 2416 talo
189 2378 241 2418 haud
257 2379 299 2426 niti,
321 2390 371 2429 quae
385 2377 422 2417 viri
438 2377 551 2417 doctissimi
566 2378 591 2417 de
608 2374 763 2428 διδασκαλίαις
772 2384 791 2419 et
802 2378 904 2432 διδαχαῖς

50 2437 137 2472 veterum
153 2445 224 2485 magna
240 2447 301 2485 opera
316 2434 412 2474 hactenus
427 2433 553 2485 protulerint.
583 2433 624 2473 Nec
639 2435 714 2474 suflicit
727 2435 761 2475 bic
773 2436 845 2484 dicere,
861 2437 903 2476 Ire-

51 2498 132 2536 naeum,
156 2489 173 2528 si
195 2488 308 2540 διατάξεις
328 2489 450 2542 apostolicae
466 2490 552 2540 scriptae
568 2502 605 2529 suo
621 2491 743 2530 exstitissent
757 2496 856 2544 tompore,
879 2494 904 2533 ad

52 2554 85 2581 eas
106 2545 174 2596 potius
197 2559 256 2598 qnam
276 2547 301 2586 ad
321 2546 386 2586 orales
405 2545 523 2585 traditiones
543 2546 606 2586 luisse
620 2552 781 2597 provocaturum.
811 2549 904 2589 Praeter-

52 2610 109 2649 quam
125 2601 185 2650 enirn‚
202 2604 256 2655 quod
270 2616 307 2655 pro
322 2601 409 2642 instituti
424 2602 502 2641 ratione
516 2602 555 2641 iarn
571 2602 595 2642 ad
610 2603 726 2642 traditiones
743 2604 808 2644 orales
824 2606 864 2646 iam
880 2608 905 2647 ad

52 2656 136 2708 scriptas
152 2659 197 2709 quis
211 2659 356 2712 provocaverit,
373 2658 429 2699 etin
444 2658 531 2698 cuiusvis
545 2658 633 2710 positum
645 2658 781 2708 estlibertate,
798 2674 905 2714 quamnam

51 2708 85 2749 bic
98 2713 150 2752 viam
165 2714 243 2766 ingredi
257 2716 310 2763 velit,
326 2716 384 2756 facile
398 2719 454 2766 patet
467 2714 524 2762 ratio,
541 2727 576 2754 cur
590 2715 684 2754 irenaeus
699 2717 818 2759 traditiones
826 2720 904 2772 praeci-

51 2777 91 2816 pue
106 2769 171 2810 orales
187 2772 225 2812 sibi
241 2772 353 2824 allegandas
368 2770 473 2824 putaverit,
489 2782 550 2822 quum
564 2783 600 2810 eac
616 2771 696 2822 quidem
712 2774 779 2815 aviris
790 2776 830 2817 fide
838 2776 904 2827 dignis

98 2913 114 2954 1)
126 2915 143 2947 P.
157 2917 172 2948 5.
220 2917 237 2958 2)
249 2918 289 2950 Hist.
301 2918 344 2950 Ecel.
356 2919 374 2950 L.
387 2918 402 2950 5.
416 2916 512 2949 021121.
560 2917 576 2956 3]
590 2917 665 2955 Quinimo
682 2919 697 2952 iu
715 2931 750 2953 eam
762 2923 816 2964 potius
828 2923 854 2954 hie
866 2932 905 2963 pro-

52 2958 142 3036 prgndpprcqls
156 2963 312 3049 {euperpanpg3qua
328 2963 421 2996 traditiones
435 2962 487 2995 orales
499 2962 525 2994 liic
538 2962 604 3003 intelligi
618 2965 697 2999 statuitur.
722 2967 760 2999 Vide
773 2968 812 3002 diss,
824 2969 844 3001 de
856 2968 907 3030 oblat,
