1936 3304
61 247 102 288 tm
325 256 371 284 usu.
387 253 483 284 arassusrr
499 254 630 282 orsssnrario
647 256 653 282 i

60 354 246 397 Valentinianorum
264 355 392 406 Demiurgum
411 354 525 403 animalem,
550 363 570 395 et
591 356 644 395 torte
663 353 724 395 etiam
743 359 843 394 catervam
862 353 916 395 illam

62 414 161 466 spiritalis
175 413 277 466 nequitiae
292 413 380 452 duxisse.

119 470 153 512 71.
175 470 217 511 Nec
232 482 279 511 vero
299 469 320 509 in
339 481 362 508 eo
386 466 451 507 solum
473 467 571 508 haeretici
593 467 638 507 istis
659 467 761 507 veteribus
789 466 916 519 philosophis

62 528 232 575 assentiebantur,
256 526 309 577 quod
330 524 458 575 Demiurgum
481 537 539 564 suurn
564 529 683 576 ceterosque
705 524 812 564 inferiores
835 523 916 574 angelos

62 585 160 625 animales
175 596 220 624 esse
233 582 313 629 vellent,
328 582 364 622 sed
379 585 399 621 ct
413 580 435 620 in
450 592 474 619 eo
490 582 544 634 quod
558 581 587 621 illi
602 582 671 622 sedem
686 580 707 620 in
722 580 834 628 medietate,
850 586 872 620 ut
886 580 916 619 lo-

63 642 181 694 quebantur,
196 639 328 689 assignarent,
356 637 412 678 ldern
428 636 502 690 quippe
517 638 542 678 de
557 638 687 678 daemonibus
703 638 793 677 sensisse
807 638 916 685 Platonem,

64 703 118 738 extra
134 708 212 737 omnem
227 694 358 735 dubitationis
374 694 437 734 aleam
452 695 547 746 positum.
578 695 639 736 Cuius
652 694 732 746 [pridem
740 694 858 734 assertionis
867 694 918 734 banc

64 756 123 794 affert
146 753 245 794 rationem
266 755 288 791 a'o
311 750 416 799 Corterate
441 752 494 803 qued
514 764 574 804 quum
596 752 628 792 Dii
647 751 761 804 superiores
785 755 804 790 et
825 750 918 791 homines

64 818 134 851 natura
149 809 233 850 maxime
249 807 332 856 distent,
353 808 461 848 daemones
479 808 567 849 interiici
582 810 677 856 debeant,
697 808 730 860 qui
748 807 838 848 medium
852 806 917 847 locum

64 868 166 920 impleant,
183 871 203 906 et
218 864 315 905 distantes
330 864 462 916 coniungant3
477 864 538 917 idque
553 878 594 905 non
610 866 673 906 solum
689 873 765 913 natura,
782 864 817 905 sed
829 865 919 904 muneris

65 924 168 964 brnoticne
183 921 243 962 etiarn
257 926 370 973 praestent,
385 921 536 973 interpretando
552 929 572 962 et
585 922 704 962 traiiciendo
719 922 805 962 bumana
820 922 844 960 ad
859 921 918 968 Deos,

66 988 86 1020 et
100 980 166 1020 diviua
181 979 205 1018 ad
220 979 323 1027 homiues3
346 977 440 1018 videlicet
460 979 547 1019 Deorum
566 979 641 1019 monita
661 984 681 1019 et
699 983 806 1031 praecepta
828 978 853 1017 ad
874 990 918 1025 nos,

65 1049 137 1089 preces
153 1043 172 1076 et
187 1034 286 1075 sacrificia
301 1039 370 1075 nostra
385 1036 410 1075 ad
425 1035 477 1076 illos.
507 1036 536 1075 Er
551 1048 590 1088 quo
606 1035 727 1088 sequebatur
735 1048 769 1076 eos
779 1034 919 1075 vaticiniorum

66 1093 154 1133 omnium
174 1098 194 1132 et
211 1092 363 1144 prophetiarum
382 1097 473 1133 auctores
492 1105 546 1141 esse,
567 1106 616 1145 quas
635 1105 671 1145 pro
691 1105 728 1132 suo
748 1092 833 1144 quisque
852 1091 918 1140 modo,

67 1151 140 1190 allectu
155 1157 174 1189 et
189 1155 259 1190 natura
275 1148 393 1202 inspirabat.
422 1148 473 1190 Huic
487 1149 578 1189 Platonis
594 1149 704 1190 sententiae
720 1161 790 1189 omnes
804 1148 920 1189 Academici

67 1206 198 1260 sequentibus
213 1205 299 1246 saeculis
315 1218 395 1258 semper
410 1219 524 1254 assensere,
544 1212 566 1247 ut
580 1206 698 1247 Plutarchus
712 1206 733 1245 in
748 1205 783 1245 lib.
799 1206 821 1246 dc
836 1205 920 1257 Defectu

70 1262 247 1315 croaltpnteins
265 1262 286 1302 in
304 1263 357 1302 libro
377 1264 399 1303 dc
414 1263 454 1304 Dec
471 1263 570 1311 Socratis,
592 1263 723 1311 lamblichus,
745 1262 828 1302 Proclus
844 1267 863 1302 et
878 1261 919 1302 alii.

69 1320 103 1361 Sic
122 1319 199 1373 pariter
216 1320 303 1359 humana
323 1331 368 1359 oum
387 1319 460 1359 divinis
475 1321 619 1360 consociabant
632 1319 772 1360 Valentiniani.
801 1318 920 1359 Hominibus

68 1389 105 1429 per
118 1376 247 1427 Demiurgum
262 1375 368 1415 animalem
379 1376 474 1417 inmedio
483 1378 619 1426 constitutum,
635 1376 776 1417 commercium
784 1375 921 1416 intercedebat

68 1445 114 1473 cum
128 1438 192 1473 matre
207 1432 319 1472 Achamoth
334 1432 430 1484 spiritali,
450 1446 510 1485 snpra
525 1434 654 1485 Demiurgum
673 1433 777 1473 collocata.
807 1432 859 1481 Diria
873 1445 920 1472 vero

69 1490 102 1529 illa
116 1489 182 1529 media
198 1488 251 1529 inter
265 1489 393 1540 Demiurgum
409 1495 428 1529 et
442 1490 532 1542 pleroma
547 1490 670 1536 considebat,
685 1490 745 1530 huius
760 1488 920 1541 interpositionis

68 1546 129 1587 fibula
143 1545 233 1598 pleroma
248 1558 293 1585 cum
308 1545 414 1597 Demiurgo
430 1547 594 1598 couiungebatur.
624 1547 684 1588 Cuius
693 1547 752 1587 etiam
761 1546 859 1597 dogmatis
867 1546 920 1585 idem

69 1603 123 1656 quod
137 1602 236 1642 Platonici
252 1603 399 1643 consectarium
413 1609 461 1651 erat,
476 1604 593 1656 prophetias
609 1616 679 1644 omnes
693 1604 724 1643 vel
735 1603 800 1651 matri,
815 1602 920 1643 relDemi-

69 1672 125 1711 urgo,
140 1660 172 1699 vel
187 1658 284 1699 Salvatori
299 1672 335 1711 per
349 1660 420 1708 Iesum,
437 1667 529 1713 acceptas
543 1661 659 1701 referendas
675 1673 726 1700 esse.
755 1660 805 1700 Nam
820 1659 921 1700 Christum

69 1717 142 1764 lesum,
158 1715 204 1756 novi
212 1715 335 1755 Testamenti
350 1717 441 1768 angelum
457 1725 476 1757 et
490 1717 627 1765 mediatorem,
644 1718 678 1770 qui
692 1717 747 1765 illud,
764 1717 817 1769 qnod
831 1716 921 1768 peccatis

69 1773 206 1812 intermissum
225 1773 299 1820 luerat,
318 1772 371 1813 inter
385 1774 448 1814 Deum
466 1780 486 1814 et
503 1774 595 1814 homines
614 1774 756 1814 commercium
775 1774 920 1813 instauraturus

69 1830 130 1877 venit,
146 1829 220 1881 triplici
234 1829 345 1869 substantia
360 1830 450 1871 indutum
465 1831 582 1871 effutiebant
591 1831 693 1878 haeretici,
709 1830 794 1883 spiritali
803 1843 813 1870 a
822 1829 922 1882 superiori

70 1886 180 1938 pleromate
196 1886 286 1932 devecta,
303 1885 384 1927 animali
399 1901 410 1927 a
424 1887 540 1939 Demiurgo,
561 1893 580 1928 et
595 1900 692 1940 corporea
708 1900 718 1927 a
733 1888 802 1927 nurndi
817 1887 921 1927 elementis

70 1948 162 1995 accepta:
180 1948 201 1982 nt
216 1942 246 1982 sic
260 1955 298 1982 nec
313 1943 366 1983 Deus
382 1944 420 1993 [sic
433 1944 600 1997 blasphemabant
614 1944 658 1995 illi),
674 1957 711 1984 nec
725 1957 787 1996 purus
802 1944 869 1992 homo,
885 1943 921 1983 sed

71 1999 122 2040 inter
136 2005 242 2051 utrumque
257 2000 341 2044 medius,
357 2006 377 2041 et
391 2014 428 2041 ceu
442 2001 561 2053 Demiurgus
577 2002 632 2050 alter,
647 2002 687 2041 ima
695 2001 778 2041 summis
787 2006 921 2041 connecteret.

126 2055 161 2096 72.
184 2056 224 2096 Sed
245 2056 269 2096 ed
289 2056 371 2097 alteram
390 2058 459 2098 mundi
478 2058 628 2099 constitutionis
647 2063 723 2111 partem
743 2057 817 2098 sensim
833 2057 921 2104 delabor,

70 2111 158 2152 hominis
173 2112 266 2152 nimirum
282 2113 443 2164 fabricationem,
463 2128 522 2168 quarn
536 2115 610 2156 mirum
625 2121 678 2156 esset
693 2115 711 2154 si
726 2115 750 2154 ad
763 2114 865 2167 platonica
878 2113 922 2166 pla--

71 2169 110 2210 cita
126 2169 185 2209 etiam
199 2181 240 2209 non
256 2170 368 2221 exegissent
382 2172 496 2213 blaterones
511 2172 547 2213 illi.
577 2172 685 2224 Triplicem
701 2172 776 2212 inuno
791 2171 873 2211 bomine
885 2171 921 2210 bo-

70 2224 146 2265 minem
161 2238 206 2265 esse
221 2226 340 2274 statuebant,
351 2228 627 2278 materialemseuclacicnm,
642 2229 758 2281 psychicum
766 2227 922 2275 seuanimalem,

71 2294 82 2322 a
97 2282 204 2333 Demiurgo
219 2282 353 2332 insultlatum3
370 2289 390 2324 et
404 2285 521 2337 spiritalem,
537 2292 602 2325 ortum
616 2286 709 2325 videlicet
723 2285 829 2337 espiritali
838 2284 921 2330 semine,

71 2338 125 2392 quod
140 2352 164 2379 er
178 2339 294 2390 angelorum
308 2341 476 2392 contemplatione
491 2342 573 2394 protulit
587 2342 707 2389 Achamoth,
729 2355 787 2394 quem
805 2353 842 2393 per
856 2340 922 2380 Demi-

70 2407 152 2447 urgum,
172 2408 209 2435 ceu
223 2408 260 2448 per
275 2396 373 2444 canalem,
390 2410 413 2438 eo
429 2403 495 2438 tamen
511 2398 587 2445 inscio,
614 2411 651 2438 rma
667 2411 713 2438 cnm
728 2399 770 2439 eius
786 2396 923 2437 insufflatione

71 2451 168 2505 inspersit
183 2452 271 2492 omnium
286 2459 357 2494 mater.
391 2454 417 2494 Et
436 2455 516 2507 quidem
536 2455 588 2508 quod
609 2455 710 2495 hominem
730 2454 822 2495 choicum
837 2468 860 2494 en
874 2454 922 2493 limo

71 2509 167 2561 primum,
186 2514 228 2549 tum
248 2521 272 2549 er
290 2522 350 2550 carne
369 2517 494 2564 compactum
513 2517 637 2561 assererent,
661 2512 712 2552 nibil
726 2512 843 2552 inusitatum
858 2515 922 2558 sonet,

72 2566 222 2618 communisque
236 2565 402 2620 philosophorum
418 2569 507 2609 omnium
522 2569 620 2609 sententia
635 2569 679 2609 fnit.
708 2569 777 2609 Limus
792 2569 856 2621 prima
871 2567 924 2608 velut

72 2622 163 2674 corporis
178 2622 260 2662 humani
274 2625 357 2664 materia
373 2631 409 2672 est,
433 2638 492 2679 quam
507 2627 560 2667 Deus
574 2627 601 2666 ita
617 2626 749 2666 conformavit
762 2633 783 2666 ut
799 2638 844 2665 carc
860 2626 923 2670 beret,

73 2678 105 2718 cui
119 2679 180 2719 vitam
193 2678 273 2719 infudit.
303 2680 337 2721 Sic
351 2681 429 2734 blopses
445 2683 493 2723 Gen.
509 2696 530 2723 n.
547 2683 566 2724 7.
581 2683 669 2723 hominis
685 2682 806 2723 creationem
822 2681 923 2728 describit,

71 2736 164 2786 hancque
179 2735 345 2788 descriptionem,
360 2738 471 2779 intertextis
485 2753 523 2792 pro
538 2753 594 2780 more
609 2739 692 2788 sabulis,
711 2739 785 2779 imitari
800 2739 924 2778 studuerunt.

73 2791 132 2841 Quod
148 2797 213 2831 autem
228 2793 314 2834 citimam
328 2795 413 2846 fingeret
427 2796 448 2835 in
464 2796 513 2837 duas
527 2796 589 2837 veluti
603 2802 670 2849 partes
686 2801 771 2844 sectam,
791 2796 847 2836 cuius
863 2795 924 2835 altera

73 2847 166 2889 animalis
182 2855 237 2888 esset
252 2854 272 2889 et
285 2850 375 2900 interior,
392 2852 453 2892 altera
469 2853 566 2905 spiritalis
582 2858 601 2893 et
615 2853 674 2905 longe
690 2853 769 2905 dignior
784 2860 825 2892 tum
840 2851 923 2903 origine,

73 2913 116 2946 turn
131 2909 208 2952 natura,
224 2910 271 2957 post
283 2907 399 2949 Platonicos
414 2910 511 2950 feceruut.
540 2909 613 2958 Homo,
628 2910 694 2963 inquit
708 2908 829 2950 lamblichus
837 2907 858 2960 ),
874 2910 924 2949 dacos

75 2963 132 3003 teter
151 2965 239 3009 ciriacae,
259 2965 311 3014 quod
328 2969 373 3018 apso
388 2965 486 3007 Mercurii
500 2980 558 3007 socon
574 2971 651 3021 scripto
666 2967 778 3009 ostendunt.
812 2965 855 3007 Uoc
870 2971 925 3006 esto

74 3046 285 3053 -------.--..

123 3085 138 3125 l)
150 3087 206 3118 lanibl.
219 3086 261 3121 Sect.
274 3088 314 3121 lllll.
327 3100 361 3131 cap,
374 3091 389 3122 6.
