1936 3304
70 206 96 246 to
336 215 379 243 usn.
395 214 490 242 nassusrr
506 213 635 242 ursssamrro
652 216 658 241 1

70 317 94 356 ad
110 315 174 357 solem
189 316 256 368 ipsum
271 315 340 355 oculos
356 313 508 355 convertissent.
539 314 579 354 Sed
593 313 681 355 maluere
689 314 787 366 plerique,
803 314 918 366 anticipatis

70 373 201 426 opinionibus
217 371 329 420 obcaecati,
346 372 425 412 divinae
440 371 491 411 lucis
506 371 605 422 igniculos
619 371 770 412 mendaciorum
785 372 839 410 fumo
855 376 874 411 et
890 377 918 411 te-

70 430 139 470 nebris
161 430 278 470 obscurare:
299 434 319 468 et
338 440 398 480 quum
416 427 538 478 theologiam
552 441 609 468 suam
624 441 647 468 ex
662 429 749 468 oraculis
765 427 837 469 divinis
852 428 919 468 metiri

71 488 199 535 debuissent,
218 487 267 527 haec
282 485 349 536 potius
365 485 435 525 ordine
450 490 581 537 praepostero
597 485 622 524 ad
636 485 770 537 Pythagorae,
789 484 919 537 Platonisque

71 545 145 597 placita
164 555 257 584 revocare
277 542 402 582 studuerunt.
436 542 549 595 Eapropter
566 542 592 582 iis
612 541 715 591 omnibus,
740 555 877 595 quaecumque
896 555 920 581 ex

72 602 135 642 sacris
150 600 207 640 libris
221 599 381 650 indecorumque
392 598 518 650 dogmatibus
530 599 631 651 surripere
641 604 756 651 potuerunt,
770 598 920 651 pythagoricam

72 658 233 711 platonicamque
248 654 336 707 speciem
350 655 480 705 inducentes,
500 669 573 696 novum
588 656 690 696 doctrinae
706 669 779 708 corpus
794 660 920 708 coagmenta-

72 720 128 763 runt,
151 728 162 754 a
185 711 278 753 crassiori
298 712 379 764 quidem
397 712 514 763 gentilitatis
532 713 589 753 faece
607 717 717 761 secretum,
740 712 833 753 sordibus
854 718 920 752 tauien

73 773 137 812 adhuc
152 783 193 810 non
207 769 277 822 paucis
291 768 417 808 lutulentum.
446 770 488 809 lana
503 769 584 821 quidem
592 770 649 809 Plato
660 783 720 809 tinum
728 782 844 822 supremum
852 769 920 808 mundi

73 828 166 881 opificem
187 826 334 878 inferioresque
350 826 457 865 daemones
472 832 590 877 agnoverat:
609 833 629 866 at
643 827 668 867 de
682 826 769 878 angelis,
789 825 920 878 archangelis,

73 898 143 925 eorum
158 883 261 923 ordinibus
277 887 297 922 et
311 882 395 931 officiis,
411 883 435 922 de
450 883 533 935 mystica
548 883 617 923 nescio
634 896 672 936 qua
687 884 761 932 triade,
777 883 861 935 aliisque
877 896 921 922 sex-

73 941 143 989 centis,
159 942 184 980 de
200 940 271 992 quibus
288 938 389 979 subtiliori
404 939 540 991 disputatione
555 939 694 981 disseruerunt
707 940 831 981 recentiores
846 939 876 979 illi
891 939 921 978 di-

73 998 152 1050 scipuli,
167 1010 192 1037 ne
208 996 254 1037 κατ’
270 988 323 1051 drop
340 995 461 1046 cogitaverat
474 996 579 1047 magister:
596 997 646 1037 adeo
661 1002 683 1037 ut
697 998 747 1038 haec
759 997 784 1037 iis
795 997 844 1037 solis
853 1001 921 1037 aucto-

72 1055 129 1095 ribus
143 1053 266 1107 prodierint3
282 1053 300 1093 si
315 1060 382 1093 tamen
396 1058 488 1093 auctores
503 1054 590 1101 dicendi,
606 1054 640 1106 qui
652 1054 750 1094 aludaeis
765 1058 921 1106 acceptaemen-

73 1112 115 1152 titis
138 1111 239 1151 coloribus
263 1110 395 1150 infuscarunt.
432 1110 457 1150 alt
475 1110 493 1150 si
512 1110 560 1162 quid
575 1123 586 1150 a
601 1111 679 1151 Iudaeis
695 1111 810 1163 acceperint
823 1109 922 1150 Platonici

73 1169 114 1217 isti,
130 1168 151 1208 id
165 1167 294 1220 postmodum
308 1167 387 1207 ludaeis
403 1180 447 1207 cum
462 1167 532 1207 fenore
546 1168 682 1208 reddiderunt.
712 1168 762 1207 Nam
777 1180 838 1221 quum
852 1167 873 1207 hi
885 1180 921 1206 no-

74 1238 118 1266 vam
134 1238 177 1265 eam
192 1224 349 1277 philosophandi
361 1223 460 1263 rationem
470 1224 595 1275 dogmatibus
604 1224 674 1274 sacris,
690 1224 818 1276 allegoriiset
827 1224 922 1277 symbolis

74 1282 215 1330 intermixtam,
231 1280 344 1333 ceterisque
358 1281 466 1332 puriorem,
481 1294 519 1321 uec
534 1282 583 1321 adeo
597 1281 701 1322 divinioris
711 1282 808 1322 scientiae
816 1281 923 1333 principiis

74 1344 220 1391 repugnantem
235 1338 429 1386 animadvertissent,
444 1337 466 1377 in
480 1337 534 1377 illius
550 1338 702 1379 admirationem
716 1339 822 1391 pertracti,
841 1339 863 1378 iu
879 1338 922 1378 eius

75 1395 163 1436 studium
181 1394 297 1435 incumbere
316 1399 436 1446 coeperunt,
459 1394 497 1436 rati
516 1407 557 1434 non
576 1394 654 1435 difficili
672 1396 753 1447 negotio
772 1395 923 1447 purgandama

75 1452 178 1500 sordibus,
200 1464 249 1503 quas
264 1450 359 1490 intulerat
373 1451 452 1491 ethnica
467 1451 595 1503 superstitio,
616 1452 686 1492 utilem
701 1453 745 1492 fore
760 1453 784 1492 ad
800 1452 922 1504 explicanda,

75 1508 235 1561 accuratiorique
252 1508 348 1548 methodo
366 1508 506 1560 pertractanda
521 1521 591 1549 sacrae
605 1509 709 1559 religionis
723 1509 824 1561 mysteria.
853 1509 924 1561 ltaque

74 1567 114 1606 huc
130 1565 218 1606 animum
233 1565 357 1617 appellentes
377 1565 504 1617 divinamque
526 1565 632 1605 scientiam
647 1565 740 1606 subtilius
756 1579 814 1618 quam
829 1579 866 1618 par
881 1570 924 1605 erat

76 1624 198 1675 aliquantes,
221 1634 266 1662 cunr
280 1621 390 1661 Platonicis
408 1617 553 1672 πλατιονὶζειν
572 1636 595 1662 ac
609 1622 729 1675 purissimos
744 1623 834 1663 veritatis
848 1622 923 1663 rivulos

76 1680 97 1720 iu
112 1680 235 1732 Pythagorae
251 1690 274 1718 ac
287 1679 377 1718 Platonis
391 1678 473 1719 lacunas
489 1679 578 1720 derivare
592 1685 711 1732 coeperunt:
727 1692 799 1731 magno
815 1693 863 1720 sanc
878 1693 924 1720 cum

76 1737 180 1788 religionis
195 1735 321 1784 detrimento,
345 1748 395 1787 quae
409 1740 452 1775 tota
467 1735 562 1787 deinceps
577 1737 666 1788 argutiis,
681 1737 770 1777 nrrrneris
785 1750 923 1777 numerorum-

77 1806 116 1846 que
132 1792 299 1846 copulationibus,
315 1792 410 1844 symbolis
425 1797 445 1832 et
459 1792 560 1844 allegoriis
574 1795 648 1833 referta
655 1793 737 1846 prodiit.
768 1794 923 1841 Quantumvero

76 1851 98 1890 in
117 1863 141 1890 eo
161 1849 279 1901 disciplinae
294 1860 366 1899 genere
381 1849 504 1901 profecerint
517 1850 596 1898 ludaei,
615 1851 737 1890 Hellenistae
751 1851 881 1903 praesertim,
901 1864 925 1890 ex

76 1907 168 1947 Philonis
188 1905 269 1958 scriptis
287 1906 355 1945 videre
374 1910 415 1954 est,
435 1906 469 1957 qui
489 1907 542 1958 quod
561 1907 662 1958 platonica
677 1908 768 1959 dogmata
783 1908 849 1947 auimo
865 1908 924 1947 altius

77 1963 197 2012 imbibisset,
213 1975 249 2004 ceu
264 1962 314 2002 alter
323 1962 380 2003 Plato
396 1962 516 2003 aveteribus
526 1963 607 2003 habitus
615 1964 773 2004 fuissevidetur:
790 1964 846 2005 cuius
858 1977 924 2004 erem-

76 2021 132 2074 plum
146 2020 198 2060 male
211 2019 304 2060 aemulati
312 2019 395 2072 posteri,
411 2020 499 2071 argutias
509 2020 592 2072 argutiis
600 2021 725 2069 addiderunt,
741 2021 837 2074 vanisque
846 2021 924 2061 subtili-

76 2078 151 2118 tatibus
167 2089 236 2129 aegras
250 2082 328 2116 mentes
342 2082 446 2129 paverunt.
477 2077 571 2125 Quamvis
586 2083 652 2118 autem
667 2079 717 2118 adeo
732 2078 791 2130 longe
805 2090 925 2130 progressos

78 2135 142 2175 fuisse
156 2134 247 2181 ludaeos,
264 2133 297 2185 qui
312 2133 334 2173 in
345 2133 459 2174 Palaestina
466 2134 557 2174 Philonis
573 2140 637 2175 aetate
653 2135 757 2186 degebant,
772 2135 826 2175 nulla
842 2136 922 2182 demon-

78 2196 143 2231 strent
158 2195 283 2240 argumenta:
299 2203 334 2231 eos
349 2196 414 2230 tamen
428 2190 530 2242 platonica
542 2192 632 2231 doctrina
638 2192 690 2231 haud
698 2192 828 2232 mediocriter
836 2193 925 2232 excultos

78 2248 164 2288 suadent
177 2253 219 2287 tum
234 2247 329 2299 frequens
345 2247 398 2298 quod
412 2247 463 2299 ipsis
477 2247 615 2288 intercedebat
627 2260 671 2289 cum
684 2249 807 2297 Hellenistis,
823 2249 925 2301 Aegyptiis

78 2310 99 2345 et
113 2304 178 2357 Tyriis
193 2303 341 2351 commercium,
356 2304 469 2344 tumFlavii
482 2304 564 2357 Iosephi
578 2305 631 2354 libri,
645 2307 709 2345 virum
723 2305 745 2345 in
758 2305 926 2358 philosophorum

78 2362 166 2402 lectione
180 2374 222 2401 uon
236 2373 307 2413 parum
320 2365 421 2399 versatum
436 2362 572 2401 ostendentes.

136 2418 169 2458 32.
199 2418 255 2465 Quae
276 2417 396 2457 Iudaeorum
418 2417 489 2457 animis
510 2418 608 2470 primum,
632 2419 702 2459 eadem
724 2426 744 2459 et
767 2419 926 2460 Christianorum

79 2480 150 2529 postea
165 2476 233 2515 fucum
247 2474 296 2514 fecit
310 2473 412 2526 platonica
426 2474 528 2524 doctriua3
544 2475 605 2527 idque
613 2489 636 2516 eo
645 2476 730 2524 facilius,
747 2489 785 2528 quo
795 2476 926 2517 illucescente

80 2532 178 2583 evangelii
193 2531 232 2579 die,
248 2544 299 2573 nova
313 2530 430 2571 accessione
445 2531 508 2572 ditata
522 2532 628 2585 superbius
644 2546 702 2586 quam
717 2537 776 2574 antea
791 2546 837 2574 sese
850 2534 925 2574 extulit.

79 2590 130 2629 Nam
146 2603 169 2629 er
184 2601 223 2641 quo
239 2587 325 2640 apostoli
344 2588 490 2641 apostolicique
504 2589 542 2629 viri
557 2603 602 2630 cum
617 2590 697 2630 ethnica
712 2590 854 2642 superstitione
870 2602 926 2630 acer-

79 2646 131 2686 rimo
147 2645 255 2686 certamine
271 2644 400 2694 dimicarunt,
419 2646 524 2698 palatiique
539 2646 564 2687 de
579 2659 602 2686 ea
616 2647 729 2699 triumphos
745 2652 839 2698 egerunt3
861 2647 926 2687 imnii-

80 2707 162 2742 nentem
179 2702 227 2741 huic
244 2702 323 2741 ruinam
342 2706 365 2741 ut
383 2707 495 2743 averterent
508 2703 634 2756 philosophi,
656 2704 680 2744 de
694 2716 746 2744 nova
761 2704 863 2744 doctrinae
879 2717 926 2744 suae

80 2758 223 2799 reformatione
238 2758 325 2811 cogitare
340 2764 456 2810 coeperunt.
484 2760 581 2800 Perfectis
596 2760 663 2813 itaque
677 2761 724 2801 novi
739 2761 862 2801 Testamenti
876 2761 927 2801 scri-

80 2816 131 2869 ptis,
150 2815 264 2867 habitisque
280 2828 324 2855 cum
339 2815 462 2855 doctissimis
478 2816 589 2869 quibusque
604 2817 763 2858 Christianorum
778 2818 926 2869 congressibus,

82 2887 106 2913 or
120 2884 189 2913 eorum
205 2872 330 2923 dogmatibus
345 2884 369 2912 ea
377 2872 505 2924 collegerunt,
517 2873 590 2925 quibus
599 2874 690 2915 ethnicae
697 2874 791 2926 religioni
799 2876 927 2927 splendorem

83 2935 103 2970 et
116 2929 203 2982 pretium
218 2929 324 2979 adderem,
342 2929 433 2982 haecque
453 2929 494 2969 suis
514 2930 622 2973 artificiose
636 2931 757 2979 intexentes,
776 2936 796 2971 et
810 2945 835 2973 ne
849 2937 928 2985 pateret

83 2988 167 3036 furtum,
190 2986 344 3039 symbolicarum
363 2987 471 3027 formarum
486 2986 599 3037 involucro,
621 3001 678 3029 more
696 2988 808 3040 platonico,
830 2994 926 3041 tegentes,

82 3056 154 3085 novam
168 3043 289 3097 hypothesin
305 3042 423 3085 Christianis
438 3043 561 3094 obiecerunt,
577 3059 627 3099 quae
642 3045 733 3087 simulata
743 3045 855 3087 sanctitatis
866 3046 927 3088 subli-
