1936 3304
335 170 360 198 oa
376 170 515 198 cnosrrconon
529 171 599 199 nanos.
854 158 894 199 llb

42 269 131 323 generari
145 273 230 322 poterat.
260 266 291 310 2⁰.
306 269 360 310 Nihil
374 271 416 323 pati
431 270 522 324 potuisse
538 271 671 321 Sabaterem,
688 283 748 322 qtrum
762 283 800 311 nec
815 270 894 311 Christo

42 330 87 369 Iesu
101 338 147 366 1111
162 326 230 366 unitus
246 334 305 375 esset,
321 339 360 368 nec
374 333 444 380 suapte
459 327 627 381 natnrapatibilis
636 327 755 369 etvisibilis.
786 327 826 368 Sed
834 340 895 380 quum

41 387 97 427 lesus
118 395 186 424 coram
203 382 268 423 Pilato
290 384 406 433 sisteretur,
429 384 497 425 statim
518 385 539 425 in
561 385 651 437 pleroma
673 384 775 425 revolasse
794 384 894 425 dicebant.

42 439 247 493 11111111111111
263 442 315 493 qnod
332 454 343 481 1
358 446 421 482 matre
437 447 479 482 erat
498 455 567 482 semen
582 454 664 494 passum
680 454 736 490 esse,
756 447 825 494 utpote
841 443 894 494 quod

41 505 61 539 et
75 497 98 538 ab
114 498 180 538 anima
196 497 286 546 animali,
303 511 353 551 qliae
369 499 412 539 sola
426 498 528 552 passionis
545 511 616 551 capax,
637 499 753 540 distinctum
769 504 789 539 11
803 498 894 551 spiritale

41 565 61 596 et
80 554 180 594 invisibile
201 554 260 595 etiam
280 554 321 607 ipsi
339 555 446 607 Demiurgo
463 554 526 596 esset.
557 556 591 597 Sic
614 556 650 597 illi.
683 553 715 597 4⁰.
730 556 799 597 Solam
813 568 894 608 passam

40 612 103 653 luisse
118 611 224 658 animalem
238 611 381 661 substantiam,
404 619 423 652 et
438 625 481 653 eam
497 626 556 666 qoam
571 613 661 654 Christus
677 613 807 654 oeconomiae
822 626 894 654 caussa

40 674 162 721 susceperat,
177 669 255 708 sollerti
270 668 354 709 artilicio
370 675 500 722 compactam.
530 670 564 712 Sic
583 675 645 710 totam
661 670 719 711 Verbi
738 670 837 711 incarnati
851 682 893 722 mp-

39 725 147 767 steriorum
166 725 305 766 oeconomiam
326 726 485 776 labefactabant,
513 732 533 767 et
558 727 648 768 funditus
675 727 790 768 evertebant
813 727 893 780 profani

39 784 139 824 homines.
812 811 814 813 -

96 840 130 881 tc.
152 839 224 879 llirnm
239 840 256 879 si
271 839 370 893 dogmatis
384 840 424 880 vita
439 853 480 880 non
495 840 645 892 respondisset:
665 840 785 892 impiissima
800 841 892 892 dogmata

39 896 189 938 scelestissimis
204 897 294 937 moribus
310 898 418 950 adaequari
432 910 516 938 necesse
532 902 580 938 erat.
613 898 719 938 vesaniam
738 897 814 949 arguit,
838 898 892 950 quod

39 968 61 996 se
69 954 240 1006 ipsosperlectos‚
255 953 362 1007 spiritales,
379 954 465 1007 spiritali
475 955 551 994 semine
562 955 686 1004 fecundatos,
696 955 772 995 semina
781 954 891 1003 electionis,
918 998 923 1004 ,

39 1025 62 1052 11
77 1011 194 1059 Gnosticos,
214 1023 250 1051 seu
269 1012 356 1052 scientes
376 1011 512 1063 impudentius
532 1011 641 1061 iactarent3
661 1011 695 1064 qui
710 1012 794 1062 gratiam
808 1011 891 1064 proprio

39 1082 62 1109 ac
76 1068 199 1108 hereditario
215 1068 258 1109 iure
274 1073 363 1108 amatre
378 1073 480 1121 acceptam
496 1068 523 1108 ita
538 1068 676 1121 possiderent,
692 1075 714 1108 ut
728 1081 808 1122 semper
823 1079 891 1109 accre-

39 1130 110 1174 sceret,
126 1125 253 1165 decresceret
267 1137 375 1177 nnnqaam,
392 1132 426 1165 aut
440 1126 540 1165 elllueret:
558 1125 673 1166 Gatliolicos
687 1138 734 1166 vero
749 1125 856 1179 psychicos
872 1132 891 1166 et

38 1182 134 1223 animales
149 1181 265 1222 contemtim
281 1187 381 1230 vocarent,
397 1182 430 1234 qtri
446 1182 529 1234 gratiam
545 1183 671 1223 commodato
686 1183 741 1223 etin
756 1182 840 1234 ancipiti
854 1195 892 1223 usu

38 1239 68 1279 sic
83 1238 214 1291 accipiebant,
229 1243 252 1279 ut
266 1251 289 1279 11
303 1239 344 1279 illis
360 1239 421 1280 adimi
435 1239 479 1279 iure
493 1246 569 1291 posset.
605 1239 657 1288 Quid
677 1239 756 1280 sitista
772 1239 892 1292 spiritalium

38 1296 108 1348 gratia,
123 1295 214 1348 spiritale
229 1295 278 1335 illud
293 1308 373 1344 semen,
396 1308 435 1348 quc
451 1296 557 1348 superbius
573 1297 715 1345 efferebantur,
731 1295 824 1337 diximus.
854 1299 891 1337 Su-

37 1353 102 1406 premi
116 1353 192 1401 Patris,
212 1365 277 1405 nsque
300 1353 324 1393 ad
343 1353 389 1393 nori
405 1353 528 1393 Testamenti
548 1359 637 1406 tempora
656 1353 764 1393 invisibilis
782 1359 802 1407 et
821 1353 891 1404 ignoti,

38 1410 112 1462 agnitio
135 1416 175 1458 est,
198 1422 372 1462 supernorumque
393 1410 509 1463 pleromatis
529 1423 647 1451 arcanorum
666 1410 750 1450 scientia
765 1423 802 1463 per
817 1410 892 1451 Christi

38 1468 142 1507 adventum
157 1466 273 1507 hominibus
288 1466 358 1514 indita,
374 1480 412 1519 qua
427 1467 476 1516 sola,
492 1467 564 1507 ceteris
580 1467 673 1507 omnibus
688 1467 762 1520 spretis
772 1472 791 1508 11
804 1467 891 1516 omissis,

38 1524 123 1564 salntem
138 1523 249 1576 comparari
265 1524 367 1575 putabant.
396 1523 453 1564 Hanc
468 1536 515 1564 suae
531 1524 627 1564 duntaxat
641 1529 708 1564 sectae
720 1524 891 1565 hominiboscon-

37 1581 140 1629 cedebant,
156 1581 201 1621 aliis
217 1580 310 1620 omnihus
325 1581 456 1632 denegabant,
472 1586 540 1632 utpote
556 1593 641 1633 quorum
655 1586 735 1633 captum
750 1586 855 1634 superaret
869 1593 892 1621 11

37 1639 127 1692 pachom
142 1639 163 1678 in
179 1637 251 1691 quihus
265 1638 351 1690 proinde
365 1637 431 1677 locum
446 1638 520 1678 habere
535 1638 641 1678 crederent
656 1638 719 1678 solam
734 1639 804 1687 tidem,
825 1637 892 1690 impli-

37 1695 97 1735 citam
111 1695 212 1743 nimirum,
228 1700 248 1734 et
263 1707 310 1735 suae
326 1694 445 1747 disciplinae
460 1694 552 1735 sectariis
567 1695 707 1735 adhibendam.
737 1695 780 1736 Hoc
799 1695 893 1735 vitiorum

37 1751 132 1799 omnium,
148 1752 246 1792 scelernm
262 1756 281 1792 et
295 1751 458 1803 turpissimorum
473 1751 590 1800 facinorum,
606 1751 678 1804 quibus
691 1752 815 1805 perditorum
827 1751 892 1792 homi-

37 1821 84 1849 num
99 1809 198 1850 lunestata
213 1808 253 1849 1111
272 1807 319 1856 1111,
342 1808 471 1848 seminarium
491 1814 511 1848 11
529 1807 586 1859 origo
605 1809 687 1849 exstitit.
716 1809 778 1859 Hinc,
797 1816 820 1849 ut
838 1816 892 1849 recte

36 1865 129 1906 observat
147 1863 275 1915 1111111111),
296 1868 411 1906 111111111111
431 1867 497 1906 ornatio
515 1878 564 1918 paroc
584 1873 680 1907 1111111111
698 1865 731 1907 1111
749 1866 891 1919 operatorum,

36 1922 87 1962 nihil
101 1922 194 1963 vitiorum
211 1922 299 1962 omnium
315 1934 378 1962 coeno
394 1921 495 1974 inquinari
510 1927 710 1975 seposseputantes.
740 1923 761 1964 Si
777 1921 829 1963 enim
838 1923 892 1963 Deus

36 1992 126 2020 summus
140 1992 205 2032 usque
220 1980 245 2019 ad
259 1979 283 2019 ll,
299 1978 422 2019 Testamenti
437 1986 527 2031 tempora
542 1979 622 2031 ignotus
638 1978 686 2027 luit,
706 1979 723 2019 si
742 1978 892 2025 mundivhuius

37 2049 105 2077 coram
123 2037 168 2089 ipse
187 2049 228 2076 non
247 2035 319 2088 gessit,
339 2035 375 2075 sed
394 2035 437 2075 eius
456 2035 650 2076 administrationem
670 2035 746 2087 angelis
761 2035 892 2076 inferioribus

37 2093 150 2134 commisit:
166 2105 213 2144 ergo
229 2093 253 2133 ab
269 2092 351 2143 angelis,
367 2097 389 2131 11
404 2098 476 2140 111111,
491 2093 519 2132 111
535 2097 555 2132 11
568 2092 687 2145 prophetiae
701 2093 810 2145 profectae,
827 2093 893 2134 11111

36 2150 57 2190 in
72 2156 140 2191 monte
155 2149 210 2191 Sinai
225 2149 265 2190 lata
280 2150 323 2189 snit.
354 2149 375 2190 Si
389 2162 437 2190 1111
452 2150 484 2190 lex
498 2162 508 2189 a
522 2150 628 2201 Demiurgo
644 2149 731 2197 animali,
748 2149 840 2190 animalis
855 2150 892 2190 ho-

36 2206 97 2247 minis
112 2207 216 2247 conditore
231 2207 276 2247 data
292 2211 332 2246 est:
348 2218 395 2257 ergo
411 2219 434 2246 ea
448 2218 490 2246 non
505 2211 583 2246 tenetur
598 2205 664 2246 anima
680 2206 783 2258 spiritalis,
798 2218 891 2259 necpro-

36 2264 83 2304 inde
97 2264 147 2316 legis
162 2264 216 2303 iussa
232 2263 336 2315 negligens
350 2269 427 2315 peccat,
443 2262 489 2315 quia
505 2261 581 2304 altioris
597 2267 628 2302 est
637 2262 728 2314 originis,
743 2276 781 2303 nec
790 2263 892 2314 Demiurgi

36 2320 122 2373 imperio
138 2320 224 2361 subdita.
254 2320 276 2360 Si
291 2320 334 2360 sola
349 2320 385 2360 Dei
400 2320 497 2360 hactenus
513 2319 585 2371 ignoti,
605 2332 659 2360 nunc
677 2332 725 2360 vero
741 2333 763 2360 se
777 2320 891 2368 revelantis,

37 2378 132 2429 cognitio,
148 2377 174 2417 iis
190 2377 262 2430 quibus
277 2377 343 2417 inlusa
359 2376 426 2424 fuerit,
442 2376 526 2416 salutem
541 2377 604 2424 allent,
621 2389 662 2423 seu,
678 2384 701 2417 ut
715 2377 854 2429 loquebantur,
870 2377 891 2417 in

37 2434 125 2486 pleroma
141 2434 229 2483 inducit,
245 2446 292 2485 ergo
308 2446 348 2474 non
364 2446 414 2486 opus
430 2433 468 2473 erit
483 2432 584 2485 operibns,
599 2432 620 2473 11
635 2432 707 2485 primis
723 2432 768 2485 quia
778 2432 802 2473 ab
811 2433 891 2474 illorum

36 2491 168 2540 necessitate,
191 2503 251 2544 quam
271 2492 304 2531 lex
322 2490 346 2530 ab
362 2490 438 2542 arrgelis
453 2490 492 2530 lata
507 2489 633 2541 iniungebat,
656 2489 733 2530 animas
747 2489 840 2530 liberavit
854 2503 890 2531 suo

36 2549 122 2589 adventu
140 2549 237 2590 Salvator.
274 2547 296 2587 Si
315 2547 434 2600 quibusdam
455 2546 570 2587 necessaria
589 2546 630 2586 sint
644 2559 717 2598 opera3
739 2559 775 2587 eos
797 2547 892 2588 duntaxat

36 2605 104 2645 iuvare
124 2609 208 2657 queunt,
231 2604 302 2657 quibus
321 2604 418 2656 spiritalis
438 2603 522 2644 scientia
538 2604 605 2651 deest,
621 2603 694 2643 ceteris
708 2603 790 2655 penitus
805 2603 890 2645 inutilia.

37 2662 58 2702 81
74 2662 164 2715 spiritale
179 2674 248 2702 semen
263 2661 288 2701 ad
303 2661 387 2701 salutem
403 2661 479 2708 efficax,
495 2673 519 2700 ex
532 2673 571 2713 quo
580 2660 642 2701 semel
649 2660 744 2707 habitum,
760 2659 890 2713 perirenum-

38 2731 95 2771 quam
114 2725 192 2771 potest,
212 2719 247 2759 sed
267 2722 350 2770 augetur
364 2730 453 2771 semper,
476 2717 549 2757 crescit
563 2725 583 2758 11
597 2716 710 2770 perficitur:
730 2729 777 2769 ergo
793 2716 890 2770 quidquid

37 2781 95 2828 agant
110 2776 130 2825 ii,
147 2775 218 2828 quibus
233 2775 348 2828 inspersum
362 2775 428 2822 luerit,
445 2775 577 2827 quodcunque
592 2774 690 2814 scelerum
698 2786 759 2825 genus
767 2779 889 2827 perpetrent,

37 2833 125 2884 agretia
142 2838 162 2873 et
176 2833 239 2873 salute
254 2845 355 2885 nunquam
375 2831 473 2873 excident.
503 2831 524 2872 Si
545 2829 631 2883 denique
650 2843 674 2871 ea
692 2831 787 2871 duntaxat
805 2831 890 2872 salutem

36 2889 160 2942 percipiunt,
180 2902 230 2942 qtrae
251 2889 340 2941 suscepit
355 2889 456 2937 Christus,
479 2889 566 2940 hylicum
584 2900 630 2928 vero
649 2888 700 2928 nibil
714 2888 818 2928 assumsit:
841 2901 888 2945 ergo

35 2972 243 2980 Ἣ

83 3014 98 3051 ll
111 3014 203 3048 1111111111.
216 3015 228 3055 l,
241 3014 257 3055 6,
270 3014 285 3047 1.
