1936 3304
360 175 385 203 un
398 176 479 205 innuitur
494 177 599 206 uocantur.
873 159 914 201 303

59 281 111 320 banc
127 274 237 317 confutabit
250 272 351 315 Grabius‘?
380 277 406 317 At
420 277 525 331 scripserit
539 279 635 319 Irenaeus
649 269 799 331 παράκλητος,
814 273 867 314 haud
882 286 915 314 re-

59 335 160 390 pugnabo.
190 332 230 371 Sed
246 344 281 371 cur
294 332 350 373 vocis
364 333 424 375 liuius
440 335 608 387 significationem
623 332 773 381 aTertulliauo,
788 338 808 371 et
822 343 863 371 non
878 343 914 383 po-

61 394 101 433 tius
124 391 147 430 ab
167 389 250 428 Irenaeo
273 388 319 441 ipso
339 388 404 441 peut?
439 392 461 433 Si
480 392 561 445 quidem
576 390 640 432 semel
654 391 749 430 duntaxat
764 401 788 430 ea
801 401 851 429 voce
865 400 915 427 usus

61 455 114 490 esset
129 450 204 497 martyr
219 446 365 495 sanctissinum,
380 447 428 488 ferri
443 454 544 502 utcunque
559 452 636 502 posset.
664 450 690 487 nt
705 459 765 499 quum
778 446 861 485 eandem
870 444 915 484 aliis

61 508 81 546 iu
95 503 146 544 locis
161 503 292 555 usurpaverit,
309 516 344 543 cur
359 516 382 544 ea
397 517 437 544 uon
454 506 571 547 conferebat
586 505 630 546 eius
646 504 716 552 editor,
733 508 755 543 ut
763 502 871 554 genuinum
879 515 914 541 xo-

61 563 90 604 cis
105 572 186 600 sensum
203 560 227 600 ah
241 560 324 600 Irenaeo
339 559 384 612 ipso
399 567 483 614 peteret,
499 564 644 613 Irenaeumque
660 575 684 601 ex
698 561 781 601 Irenaeo
791 556 914 611 explicaret?

60 619 104 660 Lib.
119 631 149 657 ru.
165 629 182 656 c.
199 616 231 659 18.
246 629 267 657 u.
283 617 303 657 t.
321 616 392 658 scribit
407 619 513 660 Gnosticos
529 619 667 660 existimantes
683 617 784 657 Christum
800 616 869 669 specie
884 620 914 656 te-

61 688 99 716 nus
113 673 217 713 lroruinem
232 674 340 722 exstitisse,
357 674 421 716 adhuc
437 689 482 717 esse
498 676 535 717 sub
543 674 605 716 veteri
614 674 748 722 damnatione,
765 674 916 714 [advocationem

60 732 177 786 praebentes
192 738 278 783 peccato,
294 731 315 771 id
331 736 371 780 est,
392 733 484 781 tutelam,
501 735 649 786 patrocinium,
669 732 809 783 (defensionem¹
839 730 915 770 Eodem

62 801 123 830 seusu
138 788 166 828 ait
179 787 214 827 lib.
229 800 256 827 xv.
272 801 289 828 c.
298 789 331 829 34.
347 789 395 830 md.
412 789 436 830 Si
448 791 521 844 cliqrrr's
536 790 617 831 Indaeis
633 789 785 830 advocationem
796 794 915 840 precatores,

61 848 178 888 erectionem
194 844 266 896 templi,
282 858 331 898 qnae
343 854 474 900 posteaquem
488 851 509 887 r'n
516 847 639 899 Babylonem
647 847 845 898 transmigraverint,
859 844 916 895 scctc

62 909 92 945 est
106 903 142 942 snb
157 901 272 950 Zorolrobel,
289 909 307 942 et
322 903 460 944 discessionem
473 904 551 957 popnlr',
567 916 617 958 qrruc
630 904 687 955 fecte
699 903 917 955 estpoctseptnopr'ntc

63 972 138 1006 nnrtos,
159 958 211 999 dicat
231 959 266 999 lenc
286 972 328 1000 esse
343 972 417 1001 rtoornn
433 960 588 1009 Testamentum,
610 967 716 1012 coquerent
731 967 765 999 etc.
796 958 830 998 Sic
846 963 866 998 et
879 957 915 997 lib.

63 1029 92 1057 ru.
108 1028 125 1056 c.
134 1015 169 1056 23.
184 1028 204 1055 n.
213 1014 233 1055 8.
251 1016 293 1063 Qui
307 1018 449 1059 corttrodr'cnnt
464 1018 622 1059 antonianae...
632 1017 740 1057 ccrloocctos
756 1028 777 1056 se
787 1017 886 1068 serpentis
898 1022 917 1055 et

61 1076 133 1114 rnortis
150 1073 263 1114 ostendunt.
294 1073 357 1124 Igitur
371 1075 521 1116 advocationem
536 1075 595 1115 alicui
602 1082 718 1125 proestare,
734 1086 777 1120 seu,
794 1072 848 1125 quod
862 1071 916 1111 idem

63 1138 104 1178 est,
124 1128 208 1169 alicuius
223 1131 342 1170 nrloocutnm
357 1143 409 1178 esse,
431 1131 515 1171 Irenaeo
531 1138 562 1171 est
576 1130 661 1171 alicuius
675 1142 717 1170 nou
731 1134 808 1170 tautum
824 1129 916 1168 conscla-

62 1195 126 1229 torem
141 1199 192 1234 esse,
207 1192 229 1226 ut
242 1199 348 1239 perperam
362 1188 506 1240 iuterpretatur
521 1187 616 1235 Grabius,
636 1187 672 1227 sed
687 1186 730 1227 eius
745 1186 880 1239 patrocinium
893 1198 916 1225 ac

63 1243 201 1284 defensionem
216 1243 326 1295 suscipere,
341 1244 395 1284 hunc
410 1245 430 1285 iu
446 1244 559 1284 clientelam
574 1244 672 1296 accipere,
694 1244 742 1284 buic
756 1243 859 1296 praesidio
871 1255 917 1282 esse

64 1308 122 1353 atque
142 1299 242 1353 opitulari.
273 1300 329 1348 Qtrae
347 1301 433 1352 proinde
448 1302 470 1341 B.
484 1302 540 1352 virgo
555 1302 608 1342 Evae
624 1314 647 1341 ac
661 1300 723 1341 totius
737 1299 820 1340 humaui
835 1299 916 1351 generis

63 1358 158 1399 acluocata
176 1357 228 1409 apud
243 1357 306 1397 Deum
325 1357 350 1398 ab
370 1359 440 1399 ecdem
461 1358 543 1408 dicitur3
562 1371 603 1399 noir
618 1358 668 1398 alias
684 1371 707 1398 ec
723 1369 806 1398 nurnere
820 1356 915 1407 irrugitur,

66 1427 123 1468 quam
138 1415 201 1455 Deum
216 1415 255 1454 fide
271 1421 290 1454 et
305 1415 418 1456 obedientia
433 1416 538 1468 placando,
554 1416 662 1455 humanum
678 1426 740 1467 genus
748 1415 768 1454 iu
778 1414 862 1466 gratiam
871 1426 917 1453 cum

65 1474 106 1513 lteo
121 1471 242 1518 reduceud0,
258 1471 311 1511 lruuc
326 1472 421 1525 precibus
436 1473 569 1521 sollicitando,
585 1485 622 1525 pro
638 1472 738 1524 susceptis
753 1472 774 1511 in
788 1471 872 1510 tutelam
880 1470 917 1510 cli-

67 1528 145 1570 entibus
163 1527 320 1580 interpellando,
344 1529 480 1581 deprecando,
503 1542 574 1581 preces
594 1529 707 1577 saracenae,
729 1534 751 1568 ut
769 1528 806 1567 bet
827 1533 918 1567 accersat

67 1598 135 1637 opem,
158 1596 182 1625 ac
200 1585 354 1625 beneficentiam
374 1586 447 1625 eliciat.
476 1587 518 1626 Hae
538 1586 602 1633 illius⁷
625 1585 658 1637 qui
675 1585 727 1636 apud
741 1586 805 1625 Deum
819 1597 856 1636 pro
872 1584 917 1623 aliis

67 1642 183 1682 advocatum
199 1641 245 1691 agit,
261 1649 334 1693 pmtes,
349 1642 389 1682 lroc
404 1655 487 1692 munus3
503 1643 555 1694 quod
571 1642 662 1695 pluribus
678 1641 793 1682 ccutirurari
805 1646 881 1693 posset,
898 1642 916 1681 si

67 1712 150 1740 necesse
168 1698 279 1739 videretur:
299 1700 335 1739 sed
355 1699 408 1740 dicta
423 1700 526 1742 sufiiciunt
541 1700 565 1741 ad
581 1699 692 1740 Grabiauae
709 1698 845 1739 annotationis
861 1698 916 1738 rani-

68 1761 126 1796 tatem
143 1756 324 1796 demonstrandam.

123 1813 157 1853 69.
186 1813 297 1865 Antequam
315 1819 382 1853 tamen
403 1814 450 1854 aB.
469 1813 547 1866 uirgine
566 1814 677 1862 discedam,
697 1812 872 1865 operaepretium
887 1817 918 1852 est

68 1874 87 1910 et
101 1869 134 1909 lric
149 1869 238 1922 iniquam
254 1869 322 1910 Grabii
337 1870 497 1911 criminationem
512 1872 619 1920 confutem,
636 1884 674 1923 (praa
690 1875 709 1910 et
719 1870 794 1910 llarIae
809 1869 917 1916 sanctitati,

68 1932 88 1966 et
102 1925 181 1966 lreuaei
196 1926 299 1966 doctrinae
313 1928 378 1967 labem
394 1929 514 1979 adspergere
529 1929 616 1970 molitur.
645 1929 685 1967 Iste
700 1927 735 1966 lilr.
746 1940 776 1966 111.
794 1938 810 1966 c.
820 1928 852 1967 tc.
868 1939 888 1965 n.
897 1927 917 1968 7,.

68 1984 182 2030 ostendens,
199 1984 298 2024 Christum
314 1985 381 2024 omnia
396 1997 432 2025 suc
448 1990 544 2037 tempore,
559 1991 582 2024 nt
596 1984 856 2036 aPatrepraetinitaerant,
872 1996 918 2036 per-

68 2040 139 2091 egisse,
155 2040 233 2080 subdit:
249 2040 337 2093 Propter
352 2041 388 2081 ltoc
400 2050 525 2093 properante
532 2041 599 2082 llario
614 2042 639 2081 nd
653 2041 771 2081 admirabile
785 2043 830 2081 einr'
840 2043 918 2092 sr'prnart

69 2097 98 2147 (in
112 2096 188 2150 nuptiis
204 2098 257 2137 Carra
273 2097 390 2148 Galilaeae),
407 2105 426 2139 et
440 2106 486 2138 orne
501 2106 578 2150 tempus
593 2098 671 2138 potetate
683 2101 811 2150 participare
826 2110 918 2150 correpen-

69 2154 98 2194 dii
111 2154 196 2206 poerrlo,
215 2154 315 2194 Dorrn'nus
334 2155 433 2207 repellens
452 2158 494 2195 eins
513 2158 672 2207 interrepestieom
689 2155 840 2206 festinationem
855 2155 917 2194 dr'ccr't:

70 2209 121 2257 Quid
137 2211 186 2251 mibi
202 2216 221 2250 et
237 2210 271 2251 tibi
287 2217 323 2255 est.
338 2209 425 2251 mulier?
440 2213 529 2252 trorrdrun
543 2213 598 2252 veuit
612 2212 662 2251 hora
676 2223 730 2251 urea:
746 2219 864 2262 respectans
875 2224 917 2251 enm

70 2267 145 2315 lterum,
161 2281 210 2321 qrtae
225 2281 237 2308 o
251 2267 313 2309 Putre
332 2276 377 2309 erat
387 2272 526 2321 proecopnr'tn.
555 2269 607 2309 Iliuc
626 2268 741 2308 aridissime
759 2273 837 2320 captata
858 2280 917 2308 ecca-

70 2323 127 2364 sione
146 2325 247 2365 concludit
261 2324 355 2373 Grabius,
374 2325 548 2377 imperfectionem
562 2327 661 2366 humanae
676 2331 769 2373 naturae,
788 2331 918 2377 peccatorum

70 2381 175 2421 venialium
193 2386 287 2429 aratrum,
307 2382 328 2421 in
343 2382 364 2421 Β.
379 2382 455 2433 uirgine
470 2382 532 2422 llaria
547 2382 652 2434 agnovisse
667 2383 778 2422 Irenaeum.
807 2382 879 2434 Iniqua
894 2395 917 2422 ex

69 2438 122 2477 ourrri
138 2445 194 2491 parte
209 2438 328 2478 observatio.
358 2439 454 2491 Quisquis
469 2452 544 2491 aequus
559 2452 625 2479 rerum
638 2438 754 2479 aestimator
769 2443 805 2486 est,
820 2438 841 2478 id
856 2451 918 2478 uuum

70 2506 92 2532 ex
106 2495 184 2536 lrenaei
203 2495 269 2536 verbis
288 2495 428 2547 exsculpserat,
450 2496 472 2535 P..
487 2496 584 2547 virginem
598 2496 661 2536 horae
676 2509 687 2535 a
701 2495 760 2535 Patre
775 2495 917 2547 praecognitae

71 2555 90 2588 et
103 2552 270 2603 praedestinatae,
287 2566 324 2604 qua
341 2553 431 2592 Cluistus
446 2553 542 2593 miracula
556 2553 622 2605 palam
631 2552 858 2604 etpulrlicepauaturus
868 2560 916 2600 erat,

70 2606 169 2657 ignaram,
189 2622 251 2649 unum
267 2622 277 2648 a
292 2609 343 2649 Filio
359 2618 404 2650 crete
420 2615 495 2662 tempus
511 2609 602 2649 obtinere
615 2609 710 2649 voluisse.
741 2608 822 2648 Sciebat
837 2609 917 2662 quidem

1 2708 2 2711 Ἴ
71 2663 143 2705 Filium
159 2666 238 2706 taudem
253 2666 359 2718 aliquando
374 2667 440 2718 palam
455 2667 592 2718 prodeuntem,
607 2665 659 2705 vitae
672 2665 782 2713 sanctitate,
799 2666 918 2706 doctrinaet

0 2721 1 2731 ³
71 2720 171 2762 miraculis
187 2723 255 2763 orbem
270 2723 424 2763 illustraturum:
440 2722 478 2763 iam
494 2722 574 2776 publico
589 2735 672 2763 munere
686 2722 749 2773 fungi,
765 2722 917 2775 discipulosque

72 2777 164 2830 colligere
179 2779 271 2832 coepisse
286 2780 373 2828 viderat,
394 2793 455 2833 quare
474 2787 494 2821 et
507 2780 633 2832 publicorum
648 2779 790 2820 miraculorum
805 2786 884 2833 tempus
899 2786 919 2820 et

71 2832 139 2875 lroram
156 2837 259 2877 advenisse
274 2844 353 2888 putatia,
369 2838 393 2876 de
409 2837 449 2877 riui
463 2837 547 2889 penuria
561 2842 639 2884 monet,
655 2842 677 2876 ut
691 2836 830 2877 laborantibus
846 2836 918 2877 diviui-

72 2894 102 2929 tus
125 2894 221 2934 consulat.
250 2893 275 2932 Et
297 2894 336 2933 boc
358 2899 389 2933 est
411 2894 463 2946 quod
478 2895 573 2934 lrenaeus
594 2896 754 2946 treternpesttven
767 2894 918 2946 sentirentionem

69 2954 137 2999 vocat3
159 2957 200 2991 riou
219 2950 273 3003 quod
287 2950 361 2990 Mariae
381 2950 459 2990 animus
478 2963 586 3003 praeceps,
608 2956 642 2989 aut
656 2950 712 2991 inani
727 2950 789 3002 gloria
805 2950 918 2991 stimulatus

69 3000 137 3046 luerit:
158 3008 193 3048 sed
213 3007 266 3060 quod
285 3007 350 3061 ipsam
364 3007 435 3048 boram
450 3020 461 3048 a
475 3008 534 3049 Patre
548 3007 675 3061 praefinitam
689 3008 793 3057 nesciens,
813 3008 918 3049 advenisse
