1936 3304
82 205 109 244 6⁵1·
347 217 391 244 BEN.
407 216 504 243 aritsslmrt
520 217 649 244 mssunrxrto
665 217 671 243 1

83 317 204 365 conflabant,
221 330 279 370 quam
295 324 314 358 et
328 318 394 371 ipsam
408 317 541 370 primigenam
556 317 653 368 ogdoada,
669 316 757 356 radicem
770 322 789 356 et
801 315 933 356 substantiam

83 374 173 414 omnium
189 375 289 415 dicebant.
318 375 350 415 Uti
370 375 423 415 enim
439 374 502 426 prima
516 380 578 414 tetras
598 375 707 414 secundam
726 374 831 420 effuderat,
852 372 882 412 sic
901 385 933 412 se-

84 432 149 472 cunda
165 432 237 471 ceteris
253 431 348 484 deinceps
363 431 464 471 Aeonibus
485 437 550 471 11111111
564 431 662 484 praebuit.
677 431 702 470 Et
716 430 838 481 hincLogos
853 434 932 482 postre-

85 502 129 529 mae
145 494 216 541 capnt,
232 489 293 529 Pater
309 492 397 528 1111111111
412 502 481 529 11111111
497 492 531 541 qut
541 496 590 541 post
608 502 629 528 se
643 488 713 539 structi
731 495 797 527 esseut
816 494 835 526 ot
854 489 933 527 initium

85 554 104 586 ot
118 547 204 598 formati
230 549 322 586 1111111111·
332 545 451 598 pleromatis
466 546 581 585 vocabatur.
610 545 695 597 ALogo
716 544 815 596 siquidem
830 543 934 595 pullulavit

84 616 136 642 nora
152 603 242 642 Aeonum
256 603 329 650 111111,
349 602 432 653 Bythias
450 602 545 643 uidelicet
563 610 583 642 et
596 602 663 650 hlixis,
689 601 786 652 Ageratos
805 608 825 640 et
839 600 933 647 Henosis,

85 660 201 712 Autophyes
216 667 236 699 et
250 659 339 706 Hedone,
355 658 450 699 Acinetos
466 667 486 699 et
501 659 612 712 Spucrasis,
627 660 749 710 Monogenes
765 662 784 697 et
795 657 893 697 Macaria:
910 657 933 696 ab

86 717 171 756 Homine
187 722 207 756 et
220 716 310 755 Ecclesia
326 715 419 763 dodecas,
434 716 550 756 Paracletus
566 724 586 757 et
599 716 667 763 Pistis,
682 714 773 755 Patricos
789 714 877 766 etElpis,
893 715 934 754 Mc·

87 776 149 813 tricos
164 780 184 812 et
198 773 272 825 Agape,
286 773 353 812 Aenus
369 777 388 811 11
403 773 491 824 Spnesis,
507 773 661 813 Ecclesiasticos
673 771 823 820 1111111111111,
839 771 934 810 Theletos

87 837 107 870 et
122 830 208 882 Sophia,
225 829 307 869 totidem
322 829 403 869 noniina
419 841 496 880 graeca,
512 843 597 882 quorum
612 830 725 881 significata
738 828 829 880 reperies
844 828 865 867 11
882 828 934 879 glos-

87 887 146 927 sariis
169 888 243 926 nostris
264 887 288 926 ad
308 887 383 926 calcem
402 887 477 938 operis.
507 887 532 926 Hi
554 887 635 938 triginta
650 888 729 928 Aeones
751 887 801 926 adeo
824 886 934 934 decantati,

87 946 126 983 hoc
141 943 324 983 Valentinianorum
339 943 429 995 pleroma
444 943 464 982 11
479 944 517 983 tria
531 944 586 983 velut
600 944 678 995 agmina
694 943 785 990 divisum,
801 942 822 982 11
838 943 934 994 ogdoada,

87 1001 162 1040 decada
178 1007 198 1040 et
212 1000 321 1048 dodecada,
338 1013 421 1052 quorum
436 1000 492 1052 prius
508 1001 593 1040 ducebat
606 1001 681 1053 optus
697 1012 741 1040 cum
757 1000 809 1051 Sige,
825 999 934 1040 secundum

87 1059 153 1108 Logos
170 1069 214 1097 cum
230 1057 275 1105 Zod,
290 1057 392 1109 posterius
407 1057 472 1097 Homo
488 1071 532 1097 cum
547 1058 644 1097 Ecclesia.

145 1115 178 1155 13.
202 1114 297 1162 Quamvis
313 1119 378 1154 autem
394 1114 428 1154 uni
444 1121 464 1154 et
478 1114 543 1155 eidem
558 1114 628 1167 stipiti,
643 1115 706 1166 Bytho
720 1113 821 1162 nimirum,
838 1112 936 1164 originem

88 1177 189 1223 acceptam
204 1172 304 1211 referrent
317 1173 396 1211 Aeones
412 1184 488 1220 omues,
503 1184 543 1211 non
558 1185 598 1211 1111
612 1178 679 1212 tamen
695 1177 714 1210 et
725 1170 935 1210 eademfuitomnimu

89 1229 185 1276 conditio,
202 1228 237 1267 sed
253 1229 328 1280 dispar.
344 1228 385 1267 Soli
401 1228 437 1277 No,
453 1234 523 1280 utpote
537 1229 679 1281 primogenito,
694 1227 771 1267 indulta
785 1228 876 1280 perlecta
891 1239 936 1266 cum

88 1286 151 1337 Bytho
168 1286 292 1334 1111111111;
308 1285 346 1325 soli
361 1285 429 1336 peruia
444 1286 503 1326 huius
518 1286 640 1337 magnitudo,
657 1284 729 1325 ceteris
744 1284 855 1324 inaccessa.
884 1284 936 1324 Hinc

89 1344 109 1381 in
126 1342 170 1382 aliis
187 1342 279 1382 1111111111
296 1342 430 1393 cognoscendi
445 1343 508 1394 patris
523 1348 596 1391 aestus
612 1355 635 1382 ac
650 1341 796 1395 propemodum
810 1341 831 1380 in
846 1342 890 1381 Nun
905 1341 936 1380 in-

88 1399 153 1438 vidiae
169 1399 229 1447 liror;
248 1399 314 1439 maior
332 1411 379 1439 vero
395 1399 415 1438 in
431 1400 540 1439 novissima
555 1401 644 1439 Aeouurn
660 1399 744 1451 Sophia,
766 1411 816 1451 quac
830 1398 936 1450 praecipiti

88 1455 228 1507 exquisitionis
244 1456 318 1508 impetu
333 1456 380 1502 lata,
396 1455 489 1508 absorpta
505 1457 546 1495 lere
562 1456 634 1496 luisset
648 1462 668 1496 et
682 1457 702 1495 in
717 1455 830 1495 universam
844 1455 936 1494 substan-

88 1513 137 1552 tiam
152 1512 258 1564 dissipata,
278 1513 318 1552 nisi
338 1512 455 1564 tempestive
471 1513 593 1553 occurrisset
607 1513 672 1562 Horo,
688 1513 701 1552 i.
718 1525 735 1552 1.
752 1511 853 1559 Termino,
869 1512 935 1551 virtuti

90 1570 118 1608 illi
139 1570 163 1609 ab
183 1572 237 1609 omni
257 1570 349 1621 coniugio
368 1569 453 1617 liberae,
474 1583 524 1622 quae
543 1570 610 1609 onmia
629 1570 686 1610 fulcit
704 1575 724 1609 et
742 1574 797 1610 extra
815 1569 936 1609 ineffabilem

89 1626 246 1677 magnitmlinem
262 1627 359 1674 custodit,
375 1639 386 1665 1
402 1640 440 1678 qua
455 1628 535 1667 deinum
549 1640 649 1679 repressa,
665 1626 746 1667 suffulta
761 1631 780 1666 et
795 1626 819 1666 ad
835 1639 857 1665 se
872 1626 936 1678 ipsam

90 1688 188 1731 11111111,
203 1683 293 1735 priorem
308 1683 448 1735 cogitationem
465 1684 524 1723 simul
540 1697 583 1724 cum
600 1697 623 1723 ea
631 1688 732 1736 passione,
749 1683 936 1735 qnaeexstupendo

90 1741 124 1780 illo
140 1740 237 1780 miraculo
253 1748 296 1780 orta
312 1745 360 1787 erat,
376 1740 455 1780 abiecit.
485 1740 510 1780 At
528 1741 628 1781 desiderio
648 1741 677 1781 rei
696 1739 829 1792 impossibilis
845 1740 937 1791 grauidae

89 1798 121 1836 uix
137 1798 192 1849 potis
208 1803 255 1846 erat,
272 1798 318 1850 quin
335 1797 421 1849 impetus
437 1798 527 1838 abortum
536 1799 622 1837 afferret.
651 1797 721 1838 Attulit
731 1810 784 1845 vero,
800 1797 937 1836 immaturum-

91 1867 129 1906 que
145 1855 207 1894 fetum
223 1854 295 1905 abegit,
311 1854 443 1894 substantiam
458 1855 552 1894 videlicet
566 1855 682 1903 informem3
703 1854 759 1894 cuins
775 1852 869 1905 generis?
884 1854 937 1893 haud

90 1911 140 1950 satis
159 1911 212 1950 inter
231 1912 308 1951 tabulae
329 1911 449 1951 architectos
470 1912 609 1960 conveniebat,
634 1924 672 1951 uec
690 1911 748 1951 matri
766 1911 806 1962 ipsi
826 1911 936 1950 constabat.

89 1969 138 2008 lnde
154 1968 239 2007 miserae
254 1968 364 2016 moestitia,
388 1969 449 2008 timor
467 1982 584 2021 summaque
598 1969 730 2021 perplexum,
750 1968 848 2020 pristinae
864 1967 937 2019 cogita-

89 2025 151 2064 tionis
167 2025 296 2077 appendices,
312 2026 466 2077 necessariaque
481 2026 542 2065 ueluti
558 2026 692 2065 consectaria:
708 2038 719 2064 a
732 2025 804 2077 quibus
812 2025 868 2068 Hori,
879 2037 938 2077 quem

91 2082 184 2129 diximus,
200 2095 261 2134 opera
276 2088 405 2135 perpurgata,
423 2083 515 2134 coniugio
531 2083 610 2122 demum
626 2096 648 2123 ac
663 2082 769 2135 pleromati
783 2082 875 2121 restituta
890 2082 938 2130 luit,

91 2139 135 2190 ipsa
151 2139 194 2178 cius
209 2139 330 2191 Enthymesi,
347 2139 436 2179 abortivo
452 2140 486 2179 1111
501 2140 542 2179 fetu
558 2140 633 2180 formae
649 2152 672 2180 ac
686 2141 761 2190 figurae
776 2143 856 2191 experte
872 2146 891 2178 et
904 2152 938 2191 ap-

91 2195 177 2247 pendice
189 2200 285 2248 passione
300 2203 353 2236 extra
368 2197 458 2248 pleroma
473 2197 574 2247 relegatis.

149 2252 182 2292 14.
212 2253 241 2293 Ne
256 2266 302 2293 rere
319 2254 403 2293 similem
420 2267 489 2293 casum
508 2253 599 2293 subirent
618 2254 679 2293 ceteri
694 2253 783 2299 Aeones,
805 2253 888 2291 altorum
903 2265 940 2304 par

90 2313 182 2349 Aeonum
197 2322 234 2362 per
247 2310 374 2361 Unigenitum
394 2323 499 2363 supremus
514 2318 572 2363 pater
587 2311 668 2358 emittit,
689 2309 788 2349 Christum
808 2315 828 2348 et
842 2308 939 2361 Spiritum

91 2372 193 2415 sanctam,
214 2380 225 2405 a
241 2367 312 2419 quibus
332 2368 364 2407 alii
380 2368 469 2408 muneris
489 2368 581 2407 1111111111
601 2368 758 2407 absolverentur.
793 2366 866 2406 Christi
886 2365 939 2406 enirn

91 2424 180 2463 osticium
196 2429 238 2463 erat
252 2425 331 2465 Aeones
347 2424 464 2464 imrneusam
476 2425 542 2464 Patris
558 2424 682 2465 altitudinem
699 2424 789 2470 edocere,
806 2424 859 2475 quod
867 2436 939 2475 nempe

92 2493 130 2520 nec
145 2481 222 2533 percipi
237 2494 274 2521 nec
293 2481 377 2532 intelligi
397 2494 434 2521 nec
454 2482 541 2534 deniqne
557 2481 612 2522 cerni
627 2487 660 2521 aut
675 2480 751 2529 audiri,
767 2480 807 2520 nisi
822 2480 939 2531 Menogenis

91 2537 196 2586 beneficio,
212 2544 289 2590 posset.
320 2538 406 2591 Spiritus
421 2552 468 2578 vero
484 2546 565 2579 sanctus
581 2552 615 2578 eos
632 2551 701 2578 omnes
717 2538 769 2577 inter
783 2550 804 2576 se
819 2542 939 2589 exaequatos

93 2594 166 2644 gratias
182 2607 240 2646 agere
256 2596 329 2644 docuit,
346 2607 369 2634 ac
383 2609 449 2636 reram
463 2596 553 2649 requiem
570 2596 654 2636 induxit.
684 2595 758 2646 Sicquc
772 2594 850 2634 Aeones
870 2607 939 2634 omnes

93 2658 135 2690 urm
151 2651 219 2699 torma,
235 2662 276 2692 tum
292 2654 393 2693 uoluntate
409 2665 432 2692 ac
447 2654 545 2694 sententia
555 2666 614 2706 pares
630 2652 733 2692 constituti
741 2656 798 2699 sunt,
814 2651 861 2691 lacti
870 2663 939 2691 onmes

94 2708 147 2759 quod
159 2710 302 2762 urnisquisque,
320 2722 389 2750 oltmes
398 2710 417 2749 in
428 2711 489 2759 Nous,
506 2711 619 2758 Sermones,
636 2710 732 2749 Homines
748 2713 767 2749 et
775 2709 865 2748 Christos
874 2713 938 2748 trans-

93 2765 185 2813 lormati3
201 2771 221 2805 et
236 2779 285 2818 quae
300 2767 387 2808 feminae
402 2767 423 2806 in
437 2768 541 2816 Veritates,
555 2767 616 2815 Vitas,
633 2766 719 2818 Spiritus
735 2771 755 2805 et
764 2765 873 2805 Ecclesias.
889 2766 940 2804 Tum

94 2827 149 2861 tanta
164 2825 320 2875 metamorphosi
333 2824 450 2876 gaudentes,
465 2824 485 2863 in
493 2823 687 2876 Propatorislaudes
695 2827 807 2875 erumpunt,
823 2822 940 2874 acceptique

93 2879 186 2918 beneficii
201 2893 307 2929 ineruores,
324 2881 423 2921 communi
440 2882 531 2929 consilio,
547 2881 718 2921 consentientilms
733 2879 812 2919 Christo
830 2884 850 2919 et
864 2879 941 2931 Spiritu

95 2944 175 2984 sancto,
190 2937 249 2977 Patre
265 2951 344 2990 quoqne
359 2938 456 2978 calculum
471 2938 589 2985 adiiciente,
606 2937 703 2991 quidquid
718 2935 815 2989 optimum
830 2937 940 2976 111111111-

95 2992 194 3034 tissimum
208 2994 309 3035 habebant
324 2995 396 3046 singuli
420 2995 546 3035 conterentes
568 3002 652 3048 apteque
668 2994 824 3046 compingentes,
839 2994 906 3033 lesum
921 2993 941 3032 in

93 3049 150 3101 Bpthi
167 3051 248 3101 gloriam
266 3057 284 3092 et
299 3053 396 3092 honorem
412 3053 509 3101 1111111111,
527 3066 561 3093 cen
577 3052 747 3106 perfectissimum
759 3051 876 3103 pleromatis
885 3050 940 3091 sidus
