1936 3304
201 163 225 190 tu
241 162 316 191 tondunt
329 161 436 190 enuaunntt
451 159 536 188 tittrettttt
551 158 676 187 Lll‘SlEllSEll.
827 146 868 189 527

16 262 36 302 in
53 262 141 314 antiquis
157 261 221 302 notati
235 262 310 303 fuerint
325 262 427 313 catalogis.
457 261 499 302 lam
514 259 569 301 etin
585 271 608 299 eo
625 259 724 310 catalogo,
745 272 804 312 qttem
819 272 866 312 ego-

15 324 57 358 met
72 318 161 366 confeci,
182 324 259 359 exstare
273 320 342 366 video,
363 331 413 371 quae
432 319 453 358 11]
468 319 568 370 impresso
583 328 660 367 nupero
676 328 716 355 non
732 317 866 357 inveniuntur.

15 375 60 415 Non
75 375 192 423 vacariam,
208 375 242 415 iila
256 376 290 415 bic
305 375 424 416 exscribere.
455 374 549 423 Quaesivi
564 374 586 414 in
601 372 691 423 catalogo
706 372 759 412 inter
771 373 808 413 alia
818 387 867 426 quo-

17 444 55 484 que
72 431 164 482 Origenis
180 431 367 484 philosophumena,
383 432 418 472 scd
434 444 475 471 iton
490 430 558 471 inveni
572 435 662 470 notatum
673 429 774 477 Codicem,
790 442 812 469 ex
828 442 867 481 quo

17 488 112 528 collectas
127 488 225 528 variantes
241 488 338 528 lectiones
354 489 399 528 111151
415 488 462 528 olim
477 488 501 527 ad
518 488 554 527 cel.
571 487 671 533 Woltium,
687 498 752 526 meum
768 487 868 538 quondam

17 544 38 584 in
53 544 125 585 itinere
133 544 214 596 Belgico
230 550 249 584 et
257 545 366 596 anglicano
382 546 466 592 socium,
481 544 613 584 novissimum
623 543 686 582 libelli
696 542 755 582 ludus
765 542 869 582 editorem.

16 601 121 653 Nunquam
137 601 272 649 credideram,
291 602 335 642 fore
356 607 377 641 ut
392 601 490 641 eiusmodi
506 601 526 640 in
542 614 574 652 me
588 600 716 640 vibrarentur
730 599 777 639 teia.
806 599 870 639 Aliam

17 658 69 698 viam
85 657 189 707 ingressus
205 664 247 697 erat
261 657 291 696 vir
306 658 396 705 illustris,
413 657 481 709 Scipio
496 657 594 704 trauains,
611 656 644 709 qui
659 662 726 696 tamen
743 660 762 695 et
777 655 820 707 ipse
832 656 870 695 Co-

19 714 74 754 dices
83 714 218 753 Taruiuenses
233 726 311 753 mecum
328 720 347 754 et
361 720 408 765 post
422 726 454 753 me
470 713 561 754 tractavit
576 720 596 753 et
611 708 732 754 attestatae
747 713 818 752 saltem
833 712 870 751 ho-

18 782 62 810 rum
77 769 155 810 Irenaei
171 771 326 820 fragmentorum
341 770 418 810 vocavit
434 771 453 809 iu
469 769 558 810 dubium.
587 770 665 810 Norunt
680 770 762 817 eruditi,
784 782 834 820 quae
850 768 870 808 in

18 825 86 867 Diario
102 825 226 871 literatorum
242 827 311 866 Italico
324 827 412 866 Venetiis
428 840 476 866 cuso
491 826 540 866 1111111
556 826 657 878 opposuit,
674 839 724 878 quae
740 831 759 865 et
773 825 871 878 peculiari

19 882 168 929 dissertatione,
182 885 279 935 pitantiis
295 883 345 923 meis
355 883 511 935 fltbt'npeusa'hus
526 883 686 935 posteainserta,
701 883 792 922 refutavi.
811 882 872 923 Siluit

19 952 56 992 per
75 951 138 980 artnos
157 938 209 979 berre
231 939 303 979 multos
324 940 354 979 vir
373 939 501 979 doctissimus
522 945 541 979 et
560 952 603 979 mea
619 939 677 980 laude
692 939 757 979 maior
772 944 832 991 atque
848 951 872 978 ex

20 996 63 1039 acie
83 995 188 1043 discessit,
210 996 274 1035 donee
290 1009 307 1035 a.
325 997 389 1043 ttae,
410 1008 449 1048 qtro
464 1008 515 1035 nova
530 996 621 1036 Venetiis
635 997 679 1036 data
696 1008 778 1048 operum
793 996 872 1035 irenaei

21 1052 82 1093 editio
99 1053 146 1099 fuit,
165 1053 284 1091 inonacltum
306 1057 374 1091 contra
396 1065 428 1092 me
447 1052 490 1091 suis
510 1052 546 1091 sub
563 1052 659 1103 auspiciis
674 1058 807 1104 pugnaturum
823 1064 872 1091 con-

21 1110 109 1156 duceret,
124 1109 157 1148 Fr.
173 1108 302 1148 franciscum
317 1108 398 1148 llarianr
411 1109 481 1156 Leoni,
498 1109 531 1159 qui
547 1109 571 1147 ad
587 1109 661 1148 calcem
677 1109 798 1148 novissimae
814 1107 872 1148 editi-

21 1165 66 1205 onis
84 1164 144 1204 huius
164 1169 205 1204 tres
226 1170 296 1204 contra
311 1177 343 1204 me
359 1164 455 1216 epistolas
471 1164 544 1204 adiecit
558 1165 610 1203 haud
626 1165 700 1217 politas
713 1165 832 1213 admodum,
851 1164 872 1204 iu

22 1221 93 1274 quihus
110 1233 171 1273 quum
186 1221 258 1261 aeriter
273 1221 294 1260 in
309 1233 341 1260 me
356 1220 467 1268 invehatur,
483 1232 521 1260 nec
536 1221 575 1260 nisi
591 1226 690 1261 recoctam
707 1221 800 1261 cramben
810 1233 872 1273 appo-

21 1284 62 1326 nat,
76 1277 189 1317 refutandis
204 1290 245 1316 non
261 1278 368 1316 admodum
384 1290 417 1316 ero
433 1277 542 1317 studiosus.
572 1277 630 1325 Quod
646 1279 670 1317 ad
680 1277 780 1329 epitomen
788 1278 872 1317 Lactan-

21 1334 44 1375 tii
60 1339 143 1387 spectat,
160 1346 218 1385 cluant
234 1339 305 1386 putant
318 1333 356 1373 viri
372 1333 425 1373 docti
440 1333 501 1385 mutia
517 1334 619 1374 celeritate
634 1347 645 1373 a
660 1347 691 1373 me
708 1334 829 1386 descriptam
842 1334 872 1373 fu-

22 1392 63 1431 isse
78 1398 138 1441 atque
153 1402 164 1429 a
179 1402 210 1429 me
225 1391 277 1430 haud
293 1389 379 1429 feliciter
394 1389 525 1437 emendatam,
541 1389 585 1441 ipsa
601 1390 788 1430 docetParisiensis
803 1391 872 1438 editio,

8 1458 54 1488 'me
75 1446 135 1487 verba
151 1445 231 1486 Codicis
253 1451 360 1486 annotasse
382 1458 463 1498 semper
485 1446 522 1486 sub
541 1447 601 1486 tinem
621 1446 712 1498 paginae.
741 1448 778 1487 Ast
793 1454 812 1486 et
827 1453 874 1499 post

22 1505 73 1544 hanc
88 1504 154 1543 deuuo
170 1502 245 1542 contuli
259 1502 315 1541 illum
332 1508 352 1542 et
366 1509 444 1542 exactas
460 1502 557 1542 lectiones
573 1503 761 1543 omnes'transmisi
769 1508 839 1555 postea
849 1504 874 1543 ad

22 1561 180 1605 Biiuemanuum,
196 1565 216 1598 et
231 1565 275 1599 ante
291 1558 399 1598 triennium
407 1571 486 1611 claroque
495 1559 518 1598 ad
526 1559 629 1599 Nicolaum
637 1559 754 1611 Lertgletum
762 1560 874 1612 llufresuoy

23 1616 139 1667 theologum
152 1615 287 1655 Parisiensem
303 1614 451 1662 doctissimum,
468 1615 501 1667 qui
517 1628 587 1655 novam
604 1628 687 1668 operum
701 1615 801 1656 Lactantii
816 1616 874 1656 editi-

24 1685 82 1713 onem
97 1671 181 1711 Parisiis
197 1684 214 1711 a.
224 1673 278 1713 ttae
294 1671 355 1711 dedit.
384 1671 438 1710 Haec
453 1671 607 1723 inspicientibus
622 1672 677 1719 satis,
694 1673 747 1724 quod
756 1678 792 1720 est,
808 1673 874 1712 faciet.

23 1730 52 1770 lle
67 1727 246 1775 emendationibus,
263 1733 331 1767 contra
348 1739 396 1779 qtras
413 1733 432 1767 et
447 1727 544 1767 calamum
560 1728 639 1767 strinxit
653 1728 752 1777 Davisius,
768 1728 876 1780 dispiciant

25 1785 104 1825 eruditi.
135 1785 192 1832 erod
208 1790 276 1832 restat,
292 1784 400 1835 optandum
416 1785 473 1832 foret,
489 1789 511 1823 111
526 1784 562 1824 viri
579 1785 651 1824 eruditi
666 1785 686 1824 111
695 1785 799 1825 anecdotis
809 1786 875 1825 deter-

24 1841 125 1881 minandis
140 1846 160 1880 et
175 1840 290 1881 auctoribus
306 1840 427 1892 scriptorum
444 1834 563 1893 ἀνωνύμων
577 1841 691 1881 indicandis
707 1842 805 1889 studium,
822 1842 876 1894 quod

25 1903 124 1950 poteraut,
140 1897 275 1936 collocassent
290 1909 356 1936 cuine.
386 1896 488 1947 lleseripsi
504 1897 557 1936 inter
571 1896 608 1936 alia
625 1902 645 1936 et
660 1902 703 1937 acta
720 1898 821 1937 Theodori
837 1898 875 1949 Ty-

25 1953 81 1993 ronis
95 1954 187 2004 ritartyris
203 1953 291 1991 nondum
307 1952 364 1999 edita,
382 1964 438 2002 (verae,
454 1952 649 2003 quumtlntvetpiam
665 1967 682 1992 a.
692 1955 745 1994 1715
763 1955 874 2002 transirem,

26 2010 71 2049 dedi
80 2009 167 2053 Iesuitis,
183 2013 225 2048 acta
232 2008 268 2047 SS.
277 2007 439 2059 compilantibus,
447 2014 560 2058 pergratum
569 2008 620 2060 ipsis
629 2021 708 2049 munus.
738 2009 800 2050 Video
808 2010 875 2059 etiam,

25 2077 132 2105 recensere
147 2064 200 2103 viros
216 2065 286 2103 doctos
302 2063 359 2102 Tem.
375 2077 388 2102 1.
405 2065 424 2113 §.
441 2065 487 2105 108.
504 2064 663 2115 explanationem
678 2065 770 2116 liturgiae
786 2078 875 2116 graecae,

27 2129 46 2161 et
67 2120 140 2160 addere
161 2120 281 2160 satiandae
297 2123 387 2160 electoris
403 2122 492 2166 laetitiae,
512 2132 571 2172 (luent
586 2133 624 2160 nec
639 2121 743 2161 nominant
758 2121 805 2174 ipsi.
835 2123 876 2163 Sed

27 2182 101 2217 norunt
115 2176 238 2226 liturgiarum
255 2174 320 2226 gnari,
344 2188 389 2215 esse
404 2176 457 2215 hunc
471 2176 560 2216 libellum
575 2177 652 2216 Nicolai
668 2177 781 2226 Cabasilae,
797 2179 875 2218 archie-

27 2233 106 2286 piscopi
121 2233 221 2285 quondam
236 2231 429 2279 Thessalonicensis,
445 2245 503 2283 quent
520 2233 616 2272 Graecum
632 2233 874 2284 dcditFrontonucaeus,

27 2290 119 2330 Latinum
135 2289 243 2329 Gentianus
259 2288 366 2332 Hervetus,
381 2288 509 2328 bibliothecis
524 2294 601 2341 patrum
616 2289 721 2329 insertum.
752 2291 773 2330 Si
788 2296 873 2343 tempus,

28 2346 81 2398 «lived
97 2345 199 2386 altioribus
215 2344 301 2394 negotiis
316 2344 365 2383 milti
380 2345 518 2385 destinandum
534 2351 574 2394 est,
596 2351 712 2397 suppeteret
726 2346 785 2395 mihi,
801 2347 875 2398 partim

27 2409 49 2442 ut
63 2407 127 2442 totum
141 2403 194 2441 lrtrrrc
209 2401 320 2452 catalogum
335 2401 465 2453 perlegerem,
481 2401 553 2453 partim
567 2407 589 2441 ut
603 2401 688 2441 eundem
705 2414 801 2442 crruameo
810 2409 874 2444 totum

29 2460 146 2506 conferrem,
162 2459 218 2510 plura
234 2470 282 2497 sane
296 2457 345 2497 mihi
354 2463 487 2505 occurrerent,
503 2458 574 2509 partina
584 2457 642 2498 obelo
651 2458 791 2509 transfigenda,
801 2460 875 2511 partim

29 2516 147 2567 supplenda.
177 2514 279 2566 Quidquid
294 2519 360 2554 autem
375 2514 434 2554 liuius
449 2515 484 2561 sit,
503 2514 596 2561 multum,
616 2514 646 2554 uti
661 2514 698 2554 sub
714 2514 792 2554 1111111111]
809 2517 875 2557 fassus

29 2584 83 2620 stim,
102 2570 281 2623 praestantissimis
299 2571 347 2610 viris
367 2570 427 2610 dehet
441 2570 553 2622 respublica
568 2570 675 2619 litteraria,
696 2571 748 2622 qttod
764 2572 876 2624 catalogum

28 2629 85 2669 1188,
101 2628 195 2668 Codicum
211 2627 344 2667 bibliothecae
359 2626 500 2675 Tattrinensis,
516 2639 566 2684 quae
582 2639 634 2667 nvrttc
649 2627 762 2667 academica
777 2634 818 2677 est,
833 2630 876 2681 ple-

29 2685 106 2725 niorem
122 2684 181 2724 nobis
196 2684 310 2723 exhibuere.
339 2684 408 2724 Habeo
424 2684 488 2723 adlmc
503 2683 523 2722 11]
539 2683 619 2722 scriniis
634 2685 684 2723 meis
700 2685 755 2734 plura
771 2687 876 2734 anecdota,

31 2740 321 2781 eCodicibusTatrrinensihus
337 2740 443 2791 descripta.
474 2740 495 2781 Si
511 2740 601 2779 arderem
616 2740 680 2779 adhuc
694 2739 771 2791 impetu
781 2742 827 2790 isto,
844 2743 878 2795 qui

30 2797 77 2837 olim
94 2810 124 2837 mc
140 2796 225 2847 incessit
238 2796 338 2844 iuvenem,
354 2796 451 2836 anecdota
466 2795 550 2843 edendi,
570 2795 637 2835 darem
653 2795 691 2835 ista
706 2796 753 2837 11111.
784 2798 823 2838 Sed
838 2800 879 2839 iam

31 2865 92 2893 senex
112 2853 170 2894 facile
189 2853 256 2903 capio,
279 2864 320 2891 non
341 2852 417 2892 edenda
433 2864 478 2891 esse
493 2851 599 2899 anecdota,
623 2852 662 2892 nisi
678 2865 728 2904 qtrac
743 2853 845 2895 internum
860 2861 879 2895 ct

30 2910 160 2961 praecipuum
175 2920 244 2948 secum
258 2907 345 2959 pretium
359 2908 438 2947 vehant.
467 2906 533 2947 Habui
541 2915 559 2946 et
567 2908 744 2959 Gltrvsostomiana
750 2910 812 2959 varia,
828 2924 878 2963 quae

32 2977 75 3006 eum
91 2964 251 3011 lllontefalconio,
266 2969 369 3016 postremo
385 2975 467 3016 operum
477 2963 614 3016 chrysostomi
629 2965 712 3015 editore,
728 2967 877 3013 communicavi,
