1936 3304
325 186 350 214 nu
367 186 507 215 cnosrtconun
521 187 591 214 nunus
862 174 902 214 l63

381 288 399 321 ll.
423 289 449 321 DE
460 289 569 322 llthClOllE.

105 342 152 383 135.
182 342 285 395 Quotquot
299 356 324 384 ex
338 344 425 396 antiquis
440 345 548 385 lllarcionis
563 344 682 392 meminere,
703 355 748 384 eum
769 348 789 382 et
804 343 901 383 Cerdonis

48 399 168 451 discipulum
184 412 207 439 ac
222 412 361 442 successorem
380 406 400 441 et
414 401 521 442 Ponticum
539 414 613 453 genere
634 401 698 441 luisse
720 401 808 440 tradunt.
841 399 902 439 Addit

46 456 172 509 Epiphanius
181 455 202 507 ¹),
218 457 343 510 frequentem
359 458 383 498 dc
398 471 422 498 eo
438 460 511 498 lamam
524 458 676 512 percrebuisse,
693 471 716 498 cx
732 471 756 498 ea
770 456 829 497 Ponti
844 462 901 509 parte

48 510 98 567 qua‘e
114 513 256 565 Hellespontus
272 515 351 563 dicitur,
366 514 417 556 urbe
432 515 508 568 Sinope
523 516 631 557 oriundum
645 516 715 565 fnisse,
731 527 754 555 ac
769 519 852 567 parente
865 526 901 553 na-

48 577 90 611 tum
113 570 224 611 catholicae
249 572 398 613 communionis
421 572 525 625 episcopo.
556 573 642 613 Nautam
663 578 722 612 vocat
741 572 827 612 Rhodon
848 572 900 622 apud

47 626 156 668 Eusebium
163 625 186 679 ²),
201 629 318 669 nauclerum
333 628 500 681 Tertullianus³):
517 642 542 669 art
558 631 610 682 quod
625 629 798 670 artemnauticam
807 627 901 680 primitus

48 683 174 724 exercuerit?
197 698 222 725 an
237 686 291 737 qnod
306 691 390 738 uterque
404 686 476 727 ludens
491 686 512 726 in
526 699 575 727 voce
590 687 678 734 Pontus,
700 686 809 726 llarcionis
823 684 901 737 patriae

47 740 138 788 nomine,
161 754 211 794 qnae
228 748 247 782 ot
261 742 321 783 Asiae
335 743 438 794 regionem
457 747 477 783 et
491 756 546 783 mare
561 743 670 795 significat,
691 743 746 783 illum
766 747 848 783 nautam
868 747 902 782 aut

48 798 164 838 nauclerum
178 803 242 847 uocet,
259 799 316 851 quasi
331 799 431 840 marinum
445 800 554 849 bominem,
569 800 655 840 inmari
670 797 755 840 natum?
773 800 834 839 Forte
848 799 902 838 banc

48 854 111 895 luisse
126 855 255 904 Tertulliani,
276 857 375 896 eiusmodi
391 856 512 908 argutiarum
527 857 670 905 amantissimi,
686 862 774 897 mentem
789 856 901 908 depreben-

48 912 82 951 det
97 912 188 964 quisquis
203 913 250 952 libri
264 913 325 964 primi
340 921 409 954 contra
423 914 546 954 Marcionem
561 915 619 954 initia
634 920 709 954 attente
723 912 801 964 legerit.
831 913 902 952 Inrir-

48 968 130 1020 ginitate
145 969 243 1021 primum,
262 970 366 1010 hominum
382 971 535 1011 contubernium
549 971 640 1022 fugienS,
654 966 778 1024 ptovddtost)
794 971 843 1020 [nou
858 981 902 1009 mo·

48 1026 159 1066 nachorum
177 1025 282 1075 instituta,
302 1040 353 1079 quae
368 1029 457 1068 nondum
472 1034 532 1076 nota,
551 1029 667 1080 protessus,
690 1032 713 1068 ut
727 1028 794 1067 minus
814 1031 901 1067 attentus

49 1082 107 1122 vertit
120 1083 222 1135 Petavius)
237 1083 366 1124 laudabiliter
380 1084 434 1124 vixit.
464 1085 504 1125 Sed
519 1097 579 1137 quum
594 1090 666 1137 postea
681 1085 706 1123 ob
722 1090 814 1137 stuprum
828 1083 901 1134 uirgini

48 1139 129 1188 illatum,
145 1140 231 1180 ecclesia
247 1141 271 1180 ab
286 1141 331 1193 ipso
346 1146 410 1193 patre,
427 1141 524 1194 episcopo
540 1154 585 1181 cum
599 1142 671 1193 primis
686 1141 795 1192 religioso,
811 1153 835 1180 ac
848 1140 901 1180 veri-

48 1197 95 1235 tatis
110 1202 130 1236 et
145 1198 257 1237 sanctitatis
273 1210 340 1238 amore
355 1198 512 1249 flagrantissimo
526 1199 604 1250 pulsus,
618 1198 697 1238 veniam
713 1204 732 1238 et
747 1210 818 1249 pacem
833 1194 901 1237 eblan-

49 1252 87 1292 diri
102 1253 162 1293 nullis
176 1254 271 1305 precibus
286 1259 357 1306 posset
372 1256 450 1307 (procul
466 1254 526 1295 dubio
547 1255 593 1307 quia
609 1254 700 1295 sincerus
716 1267 739 1294 ex
754 1254 828 1294 delicto
844 1253 902 1293 dolor

48 1322 88 1349 non
103 1315 153 1361 erat)
168 1311 252 1351 Romam
268 1323 289 1351 se
304 1317 351 1364 post
365 1311 438 1364 Hygini
452 1312 519 1364 Papae
538 1311 614 1352 obitum
629 1312 719 1351 contulit.
750 1312 855 1363 Qtitimque
870 1311 901 1350 ni-

48 1367 89 1406 lrilo
104 1367 167 1418 magis
183 1367 224 1408 illic
240 1368 293 1420 quod
309 1368 403 1421 cupiebat
417 1369 518 1409 obtineret
532 1382 543 1408 a
558 1369 695 1421 presbyteris,
709 1374 793 1408 tracante
807 1373 856 1416 turn,
872 1368 901 1407 uti

49 1424 141 1472 coniicio,
157 1425 211 1473 sede,
228 1425 282 1478 quod
296 1425 361 1465 inscio
380 1432 437 1478 patre
452 1426 519 1466 facere
534 1426 588 1465 istud
608 1426 706 1466 ecclesiae
720 1426 775 1476 leges
790 1437 832 1464 non
846 1424 901 1464 sine-

47 1486 103 1529 rent,
126 1482 220 1533 superbia
236 1487 256 1522 et
270 1482 344 1522 invidia
360 1483 444 1531 fractus,
461 1483 514 1534 quod
530 1495 567 1523 nec
582 1482 695 1534 principem
710 1482 752 1522 illlc
766 1482 843 1529 locum,
858 1493 901 1521 vnec

48 1538 145 1578 ecclesiae
161 1538 241 1591 quidem
257 1539 333 1579 aditum
347 1539 484 1592 impetrasset,
505 1539 530 1579 ad
546 1539 657 1580 Cerdonem
673 1552 695 1579 se
710 1538 806 1579 adiunxit.
837 1539 901 1587 Quem

47 1594 161 1647 principem
175 1595 252 1643 locum,
267 1592 401 1651 προεδρίαν,
417 1596 439 1636 in
454 1596 540 1636 ecclesia
554 1609 637 1636 romana
653 1596 738 1635 ambiret
752 1596 850 1644 llarcion,
870 1595 901 1635 in-

48 1657 125 1691 certum
140 1651 229 1691 omnino.
258 1652 303 1692 Nisi
318 1654 369 1693 lorte
388 1653 429 1693 iam
443 1653 497 1693 inter
512 1653 597 1693 clericos
617 1653 743 1705 adscriptus,
762 1665 859 1704 reumque
878 1665 901 1693 se

48 1708 112 1760 stupri
126 1710 239 1761 praefracte
254 1722 340 1761 negans,
359 1710 384 1750 ad
403 1710 490 1763 primum
505 1709 559 1750 inter
573 1710 667 1763 aequales
683 1710 766 1761 gradum
781 1709 900 1762 adspiraret..

47 1765 117 1818 Neque
133 1766 186 1806 enirn
201 1767 306 1819 probabile
321 1772 364 1816 est,
386 1767 489 1807 bominem
508 1772 625 1816 externum,
646 1766 718 1819 uixque
732 1771 814 1814 notum,
837 1767 902 1807 sacris

48 1823 141 1863 omnibus
155 1823 290 1871 interdictum,
305 1837 329 1865 ac
343 1824 429 1877 proinde
444 1824 498 1876 gravi
514 1824 584 1865 saltem
603 1823 712 1877 perpetrati
728 1823 818 1864 criminis
834 1824 900 1877 suspi-

48 1880 106 1920 cione
122 1880 255 1930 laborantem,
275 1882 325 1921 adeo
342 1881 469 1933 desipuisse,
488 1887 511 1921 ut
528 1882 553 1921 ad
572 1882 711 1933 episcopatum
730 1881 798 1933 ipsum
812 1881 908 1921 animum-

48 1936 150 1978 adiiceret.
179 1938 225 1978 tun
240 1938 320 1990 quiden]
336 1936 442 1991 Optatus5)
462 1939 598 1986 lllileritanuS,
618 1938 741 1978 lilarcionem
760 1951 784 1978 ex
802 1937 900 1991 episcopo

47 1999 158 2045 apostatam
174 1995 258 2034 lactum:
278 1995 313 2035 sed
334 1996 368 2047 qui
383 1995 492 2048 episcopus
507 1995 525 2036 is
540 2008 586 2035 csse
600 1995 674 2048 potuit,
696 1995 730 2046 qui
745 1994 856 2034 solitariam
870 1996 900 2036 vi-

47 2055 87 2090 tam
101 2064 165 2103 usqne
180 2052 299 2104 adlapsam
314 2051 368 2103 egit?

104 2107 152 2149 136.
182 2108 262 2149 Certum
281 2113 318 2156 est,
337 2108 470 2157 llarcionem,
486 2121 546 2161 quum
564 2109 647 2149 Romam
666 2108 730 2157 venit,
747 2109 846 2151 catholica
860 2111 899 2151 fide

44 2166 135 2205 ‘nondum
150 2165 256 2206 excidisse.
285 2166 308 2206 ld
323 2179 346 2207 ex
361 2167 386 2206 iis
403 2179 454 2218 quae
468 2166 529 2206 modo
549 2179 572 2207 en
586 2166 701 2218 Epiphanio
722 2165 807 2207 diximus
822 2167 899 2220 liquido

47 2227 112 2273 patet,
128 2222 201 2263 clarius
216 2223 281 2263 adhuc
296 2236 320 2263 en
334 2223 457 2264 Tertulliano
464 2220 487 2275 6),
503 2223 538 2276 qui
552 2223 627 2263 diserte
642 2223 724 2272 asserit,
746 2226 768 2263 ait
784 2224 900 2265 catholicam

44 2283 111 2330 pruno
128 2280 240 2320 doctruuuc
255 2281 362 2321 credidisse
377 2281 430 2333 apitii
446 2281 547 2321 ecclesiam
561 2293 706 2321 romanensem.
732 2279 779 2321 Non
792 2283 898 2333 depetunt,

47 2335 75 2375 ait
88 2336 142 2384 alibi,
158 2338 313 2389 (taumatibus,
326 2341 414 2390 prunum
428 2338 462 2378 illa·
474 2338 533 2391 sidem
547 2338 651 2378 rtodt'scunt
664 2338 735 2389 scisse,
751 2340 815 2390 ἱρείης
825 2338 898 2378 litteris

47 2394 181 2434 restituatur
196 2395 242 2434 ltine
256 2396 296 2433 inm
311 2395 411 2435 destinari
420 2398 488 2446 possit
503 2394 620 2440 liuerett'cas,
636 2398 671 2446 qut
685 2395 762 2434 deserto
778 2394 897 2446 qttcdprdts

46 2450 122 2501 ficerat,
138 2450 158 2489 id
169 2457 241 2502 postea
256 2452 295 2491 sibi
308 2451 393 2502 eleuarit,
409 2451 461 2503 quod
475 2457 532 2490 retro
547 2463 589 2491 nott
604 2458 654 2490 erut.
677 2449 817 2490 Desertionem
831 2455 898 2491 autem

46 2507 98 2547 lianc
113 2506 212 2547 accidisse
228 2511 312 2554 constat,
328 2515 369 2547 tum
385 2520 446 2560 quum
460 2520 471 2547 a
486 2507 609 2560 presbyteris
623 2506 719 2546 Romanis
734 2506 836 2559 repulsam
850 2520 897 2560 pas-

47 2576 94 2613 sus,
110 2564 135 2605 ad
150 2564 271 2612 Cerdonem,
291 2569 338 2604 tunc
352 2564 427 2604 Romae
443 2569 609 2611 commorantem,
629 2563 725 2614 confugit.
754 2564 824 2617 Neque
843 2565 898 2606 enim

47 2620 86 2661 ulla
107 2621 185 2661 ratione
204 2621 285 2661 delendi
299 2634 361 2673 posse
379 2626 427 2673 puto
448 2621 501 2673 quod
520 2620 649 2660 doctissimus
669 2619 751 2660 coniicit
765 2620 897 2675 Petavius³);

47 2676 87 2718 rluo
102 2677 244 2730 distinguenda
259 2691 304 2719 esse
314 2678 426 2729 ⁴lllarcionis
440 2684 541 2731 tempora:
563 2677 591 2717 ita
609 2683 632 2717 ut
650 2677 687 2716 sub
701 2676 790 2718 Adriano
809 2681 896 2732 larimum

47 2733 68 2773 in
81 2735 147 2776 Ponto
163 2741 182 2781 et
196 2734 243 2775 Asia
258 2735 353 2775 duntaxat
372 2734 470 2776 nefarium
490 2735 562 2786 dogma
581 2734 736 2787 praedicaverit:
759 2742 831 2788 postea
849 2750 896 2777 vero

48 2790 84 2832 sub
99 2793 201 2833 Antonino
215 2792 302 2832 maiores
317 2793 399 2833 trahens
414 2792 504 2845 spiritus,
519 2791 657 2833 vehementius
671 2791 692 2831 in
708 2791 791 2833 eosdem
805 2793 851 2834 illos
864 2807 895 2834 er-

93 2938 353 2983 llEpiplt.llaer.XLIl.§.l.
377 2940 394 2981 ‘ll
406 2942 464 2974 Euseb.
477 2942 488 2974 l.
499 2942 516 2974 ll.
529 2951 542 2974 c.
555 2940 581 2973 13.
612 2939 708 2981 BlTertull.
725 2941 895 2975 terrasicca).
919 2929 920 2933 Ἰ

46 2982 191 3028 llEpiplr.§.l.
215 2987 232 3027 5)
245 2988 297 3030 Optat.
309 2988 320 3020 l.
332 2987 359 3019 lll.
371 2997 389 3029 p.
401 2988 427 3020 ta.
440 2988 477 3020 edit.
490 2988 539 3019 Paris.
553 2986 602 3019 1631.
630 2987 725 3026 fillertull.
742 2987 893 3022 deri-sescena.

46 3027 70 3061 ld.
83 3032 93 3064 l.
105 3033 117 3064 l.
129 3039 172 3065 cont.
183 3033 232 3066 llarc.
245 3044 259 3067 e.
271 3034 283 3066 l.
328 3033 344 3070 ll
357 3033 408 3066 Potav.
421 3034 437 3066 iu
449 3033 529 3066 dirimatis.
542 3034 561 3065 ad
574 3033 620 3066 llacr.
633 3032 660 3066 ab.
685 3034 702 3066 T.
716 3033 735 3066 ll.
748 3033 827 3076 Epiphan.

715 3089 758 3130 lt*
