1936 3304
294 166 317 193 AB
334 165 435 193 Antoniou
451 165 524 193 Luctum
539 164 656 192 nrtscorun.
865 154 906 194 5l7

53 267 123 307 beatur
143 269 224 316 praeter
239 263 287 305 illud
302 265 326 305 H.
342 265 365 305 E.
382 265 403 307 C.
419 266 456 314 bl.;
479 276 515 305 cnr
533 276 574 304 non
592 262 662 303 debuit
676 263 751 305 dictum
770 265 909 305 illnd'lustini

53 321 144 363 blalleius
158 320 286 372 interpretari
300 322 368 374 potius
384 322 408 363 de
423 322 490 363 verbis
505 321 546 361 illis
561 320 586 361 H.
601 320 624 359 E.
641 320 662 361 C.
677 320 715 368 bl..
735 334 793 373 quam
809 321 833 362 de
849 322 905 362 invo-

54 378 132 420 catione
140 376 228 428 Spiritus
243 376 275 417 s?
304 379 359 419 ldem
374 391 435 430 porro
451 378 536 419 dicimus
552 378 576 418 de
583 378 675 425 Irenaeo,
692 376 726 429 qm
742 390 802 430 quum
814 374 905 435 ἐπίκλη-

54 448 89 477 σιν
104 433 191 486 Spiritus
207 433 270 474 sancti
287 447 352 487 neque
368 435 503 483 somniaverit,
519 448 560 475 non
575 434 633 475 video
649 433 751 486 quomodo
767 434 795 482 si,
815 435 859 486 ipso
876 436 904 475 la-

54 498 114 537 tente,
129 489 189 530 verba
205 490 343 539 institutionis,
360 504 410 544 qnae
425 492 527 544 pertinere
543 492 567 532 ad
580 490 753 532 consecrationem
763 491 795 538 ait,
810 491 904 531 irenaeus

54 546 228 594 commemoravit,
247 547 330 587 alteram
351 549 508 588 consecrationis
526 553 603 601 partem
622 560 695 601 nempe
710 542 826 602 ἐπίκλησιν
840 547 904 599 ipsam

54 603 152 645 omiserit.
183 602 267 651 Quando
283 617 341 655 ergo,
357 604 428 656 inquit,
444 610 464 644 et
478 606 553 645 lraotus
569 601 633 657 panis,
650 610 669 645 et
684 604 758 644 mixtus
774 604 826 644 oalin
839 605 904 655 peroi-

53 661 83 714 pit
96 660 229 708 verbumDei,
245 660 267 699 fit
282 661 401 701 eucharistia
417 662 508 713 eorporis
523 667 542 702 el
557 660 661 712 sanguinis
670 660 743 706 Christi
752 667 789 701 eto.
806 660 842 700 'ln
855 673 905 713 quae

53 717 113 757 verba
121 715 143 767 1),
159 716 224 768 inquit
237 717 339 757 Roffensis
352 717 436 769 ¹„Finge
452 718 469 757 si
484 725 543 769 potes
559 717 631 769 quibus
646 718 713 758 verbis
727 717 906 768 Irenaeuspotnit

53 786 96 815 rem
110 785 147 825 pro
163 773 222 813 nobis
239 775 343 824 apernisse
358 772 481 814 dilucidius?
516 775 609 823 Q'uundo,
624 774 696 826 inquit,
711 776 788 815 lutatus
804 773 870 822 colea,
887 781 906 814 et

53 832 134 883 fruetus
147 833 209 881 pultis
221 832 309 882 pompa
323 832 408 871 uerbum
422 831 464 879 Del,
480 826 643 883 fit'onoltnristtd
658 834 751 883 eorporis
767 839 785 872 ot
800 831 905 883 sunplu'm's

55 888 141 928 Ctrtstt:
156 886 176 926 h.
192 899 209 926 e.
224 886 308 938 prolatis
324 900 386 939 super
401 900 452 939 [rane
468 893 488 926 et
502 888 547 926 vino
559 887 633 927 Christi
647 887 720 935 verbis,
735 887 828 942 protinus
844 888 867 927 lit
881 901 903 927 en

54 944 83 984 eis
103 955 176 994 corpus
197 948 216 983 et
232 944 314 994 sanguis
330 944 424 984 Cln‘isti.“
454 944 482 983 Ex
499 943 571 994 quibus
587 945 671 995 apparet
684 939 710 984 τὸ
726 944 807 984 verbnm
822 943 904 984 Delin-

53 999 160 1052 terpretari
175 1012 214 1039 non
230 1011 291 1051 posse
305 1000 368 1040 virtus
383 1000 430 1048 Dei,
446 1000 535 1051 alioquin
550 999 635 1039 ridicula
650 1005 705 1039 esset
718 1000 796 1046 Irenaei
811 1000 869 1049 ratio,
885 1006 905 1040 et

54 1069 104 1109 [luae
119 1068 160 1095 non
175 1063 266 1095 sanetum
278 1056 390 1104 hominem,-
403 1057 439 1097 sed
454 1056 513 1108 plane
528 1055 655 1096 ridicularem
664 1057 751 1106 deceret.
768 1057 905 1108 -lbinamque

54 1114 76 1153 tt.
91 1113 113 1152 P.
135 1112 225 1152 indicare
240 1112 291 1161 vult,
314 1113 393 1165 quando
413 1113 472 1165 panis
488 1113 522 1152 liat
538 1124 611 1163 eorpus
627 1110 713 1159 Christi,
729 1113 803 1168 *aitque
818 1109 839 1151 id
850 1113 904 1160 fieri,

54 1182 113 1222 quim]
128 1170 187 1220 panis
202 1168 288 1220 percipit
302 1169 385 1209 verbum
393 1169 440 1215 Deir
457 1173 477 1208 at
492 1168 508 1207 si
525 1168 620 1219 dixisset:
637 1169 904 1220 qnumpanisperoipitvir-

53 1231 115 1266 tutem
125 1224 168 1272 nei,
184 1225 235 1265 nihil
248 1225 329 1277 penitus
345 1224 492 1277 explicavisset
509 1237 569 1277 quum
585 1236 666 1276 semper
680 1229 783 1264 remaneat
798 1224 905 1265 enuclean-

53 1284 110 1329 dum,
131 1283 210 1333 quarrdo
230 1281 330 1334 pereipiat
343 1282 437 1322 virtutem
452 1281 504 1322 net·
525 1281 588 1332 lgitur
602 1276 627 1321 τὸ
644 1279 725 1322 verbum
740 1282 777 1322 Ilei
792 1281 828 1321 Dei
843 1281 904 1321 virtu-

53 1346 93 1380 tem
107 1338 159 1378 haud
175 1338 280 1390 signifieat.
519 1372 521 1375 .
664 1345 666 1347 ’

108 1395 182 1434 Verum
197 1395 222 1435 ad
237 1394 322 1446 captitule
337 1401 474 1445 argumentum
490 1394 643 1434 descendamus.
673 1393 724 1434 lllud
740 1399 805 1434 utitem
820 1394 903 1434 Plal‘fius

53 1451 177 1491 olarissimus
192 1451 291 1503 depromit
307 1465 329 1491 ex
343 1456 433 1491 veterum
443 1451 563 1490 Graecorum
571 1450 657 1500 liturgia.
680 1446 822 1502 Unaquaeque,
832 1449 903 1502 inquit,

53 1507 217 1559 liturgiagraeoa
232 1502 427 1563 habetldnludpom
442 1506 529 1558 Spiritus
545 1519 575 1554 s,
597 1507 618 1546 in
639 1506 673 1546 illa
693 1512 758 1546 autem
777 1507 904 1553 inuocatione

52 1570 161 1616 precantur
175 1563 297 1611 sacerdotes,
312 1568 334 1603 ut
349 1563 407 1614 panis
423 1569 443 1603 et
457 1563 524 1602 vinum
539 1564 587 1603 fiant
602 1575 676 1615 eorpus
692 1568 712 1602 et
727 1563 807 1614 sanguis
823 1562 904 1615 Christi.

52 1621 122 1671 lgitnr,
137 1621 203 1672 inquit
211 1620 251 1668 ille,
267 1626 313 1660 aitte
320 1616 436 1675 ἐπίκλησιν
447 1619 536 1659 nondum
544 1617 607 1659 exstat
616 1632 690 1671 eorpus
699 1624 719 1659 et
727 1616 808 1670 sanguis
818 1619 891 1660 Christi
899 1634 904 1668 3

54 1678 115 1729 igitur
129 1677 255 1729 pertinet.ad
271 1676 379 1716 essentiam
395 1671 693 1731 consecrationisdnlndpoig.
722 1675 833 1715 Haeottle.
881 1702 883 1706 .

37 1734 38 1737 ’
95 1731 190 1782 'Quibus
204 1738 227 1772 ut
242 1732 290 1773 satis
305 1733 365 1784 plene
380 1732 441 1772 iaciat
455 1732 556 1779 trontius,
576 1733 665 1772 ostendit
679 1732 706 1771 in-
715 1732 834 1783 quacunque
849 1731 906 1772 invo-.

54 1790 132 1830 catione
148 1790 195 1829 talia
211 1802 262 1837 esso,
279 1789 350 1841 quibus
365 1787 552 1828 manifestissimum
561 1788 583 1826 fit
592 1788 763 1828 consecrationem
772 1800 817 1828 esse
825 1788 904 1836 laetam,

53 1853 95 1887 tum
115 1846 161 1898 quia
177 1841 293 1901 ἐπίκλησις
307 1846 330 1885 fit
344 1845 366 1884 in
380 1857 467 1896 persona
484 1844 605 1891 sacerdotis,
624 1857 665 1884 non
680 1845 701 1883 in
716 1852 806 1895 persona
819 1844 903 1884 Christi:

54 1909 95 1943 tum
111 1902 156 1955 qnia
170 1902 265 1942 sacerdos
280 1909 379 1954 precatur,
394 1906 416 1941 ut
431 1900 489 1953 panis
505 1908 525 1940 et
538 1900 607 1939 vinum
622 1902 656 1940 liat
667 1900 770 1940 animabus
779 1900 904 1940 sumentibus

54 1972 127 2012 corpus
147 1964 167 1998 et
185 1958 267 2009 sangnis
283 1958 367 2006 Christi,
387 1957 407 1997 h.
424 1970 441 1996 ε.
461 1962 504 1995 orat
518 1969 560 1996 uon
575 1956 756 1996 ad-euobaristiam
772 1956 904 2004 alliciendam,

54 2017 90 2057 sed
105 2016 129 2056 ad
145 2016 238 2056 ellectum
252 2014 365 2054 habendum
381 2011 521 2053 eucharistiae.

109 2073 151 2112 Nos
165 2077 188 2112 ut
201 2070 321 2114 hooblalloii
335 2069 399 2110 nostri
414 2080 534 2121 responsum
548 2067 702 2108 invictissimum
711 2080 756 2109 esse
768 2069 903 2117 ostendamus,

54 2129 81 2170 ita
96 2130 167 2169 lamur.

75 2264 110 2304 Ill.
125 2264 151 2304 lu
166 2265 221 2304 olunt
235 2262 319 2314 liturplo
334 2255 449 2316 ἐπίκλησις
458 2259 547 2312 Spiritus
556 2272 573 2299 s.
588 2259 618 2312 pt,
632 2266 740 2312 postquam
750 2259 904 2312 sooeo'dos'pro-

126 2320 173 2360 tulit
187 2320 251 2360 verta
264 2318 301 2358 illo
316 2318 341 2358 Η.
357 2317 380 2357 Ε,
398 2319 418 2358 C.
435 2316 462 2356 M.
484 2315 510 2355 H.
525 2316 548 2356 H.
565 2315 585 2355 S.
602 2314 628 2354 tl.

112 2409 179 2457 Quum
194 2421 252 2449 nemo
269 2407 300 2457 sit,
317 2407 351 2459 qui
365 2407 404 2446 hoo
419 2407 443 2447 de
458 2418 480 2445 re
495 2405 585 2445 dubitare
601 2404 666 2456 possit
679 2409 726 2456 post
740 2403 804 2443 editas
817 2403 905 2444 orienta-

54 2466 84 2506 les
105 2465 196 2516 liturgias
217 2477 278 2518 oporu
294 2472 312 2506 et
332 2464 398 2504 studio
413 2462 495 2517 Ensedti
511 2461 634 2502 Rortnudoth'
650 2458 763 2510 auresinae
783 2472 843 2511 quem
860 2461 905 2512 ipse

55 2522 137 2562 Pfallius
153 2522 254 2575 seqnitur,
270 2534 293 2561 ao
308 2523 406 2573 persaepe
421 2519 489 2559 laudat
502 2518 553 2558 infra
569 2517 593 2556 ad
605 2516 679 2556 blaffeii
696 2515 792 2567 epistolas
803 2524 906 2568 postrema

55 2578 195 2631 responsione,
211 2578 257 2618 ideo
272 2577 293 2618 id
309 2577 419 2617 omittimus
433 2575 526 2628 probare,
542 2586 567 2613 ne
583 2573 672 2612 certain
688 2571 857 2619 dubiumvoeare,
873 2579 907 2613 ant

56 2634 77 2675 in
92 2635 149 2688 copia
164 2636 234 2687 magis,
251 2646 309 2687 qnam
325 2634 345 2674 in
361 2633 438 2674 deleotu
451 2643 517 2671 rerum
533 2629 615 2692 delicias
632 2630 697 2669 lacere
711 2627 821 2684 videamur.

83 2749 113 2787 Ill.
129 2748 167 2788 Est
185 2748 224 2788 ΡΡ.
241 2748 365 2788 Graecorum
384 2746 492 2786 oouummis
508 2744 617 2788 sententio.
635 2740 724 2794 prolatis
740 2743 808 2783 verbis
823 2733 866 2783 illis
881 2743 906 2782 H.

127 2805 150 2844 Ε.
168 2805 187 2846 C.
204 2804 230 2844 tl.
253 2803 279 2845 H.
294 2803 317 2844 lt.
333 2802 353 2841 S.
370 2801 396 2841 tl.
420 2800 552 2841 eneborlstioo
575 2798 628 2838 illino
652 2810 727 2850 eorpus
750 2805 769 2838 ot
790 2802 906 2851 snrrpuineru

129 2862 206 2902 Christi
219 2860 244 2900 D.
260 2860 337 2900 adosse.

104 2984 119 3023 ll
132 2985 165 3017 lib.
179 2984 194 3016 5.
207 2994 220 3016 o·
234 2983 249 3014 2.
296 2982 312 3020 'll
324 2981 374 3013 Paris
388 2979 436 3011 talo.
