1936 3304
363 150 388 178 nn
402 141 481 178 inuniri
496 151 603 180 oocrnrns.
870 137 910 178 309

57 258 121 305 gaiam
135 251 205 299 fuisse,
221 250 275 301 quod
289 250 340 290 maia
358 259 417 299 esset,
434 252 469 292 sed
485 253 537 305 quod
554 254 578 293 ad
586 257 666 305 ternpus
675 252 770 292 duntaxat
778 252 822 292 data
830 252 908 301 suisset,

56 316 78 350 ut
92 310 143 349 riam
159 312 258 347 sterneret
272 319 335 348 novae
350 308 396 360 iegi,
412 321 509 361 seraeque
525 309 633 356 sanctitati,
649 321 709 362 quam
723 322 760 361 per
767 321 789 348 se
798 309 842 360 ipsa
850 322 908 361 prae-

56 372 108 407 staro
127 378 168 404 non
188 370 277 415 potrat3
297 370 338 405 turn
355 366 435 406 (lenium
450 378 494 418 cap.
511 366 543 407 17.
560 374 579 407 et
596 367 628 407 ts.
645 366 743 414 ostendit,
763 365 826 405 Deum
841 371 907 406 retera

56 421 153 463 sacrificia
169 420 237 460 oiierri
253 421 292 460 sibi
308 435 320 461 a
334 422 419 462 iudaeis
429 424 564 475 praecepisse,
581 436 621 463 non
637 424 689 476 quod
705 423 731 462 iis
747 422 856 474 indigeret,
872 424 907 463 sed

56 480 108 531 quod
124 490 193 517 eorum
207 477 318 518 infirmitati
332 479 383 519 haec
397 479 518 531 indulgenda
526 493 571 520 essc
579 481 698 526 censuisset,
709 494 735 520 ne
743 479 764 519 in
772 479 906 520 idololatrian]

55 535 188 577 declinarent:
203 547 245 574 non
260 536 313 587 quod
327 548 365 587 per
379 548 403 576 ea
417 549 484 576 veram
498 536 595 577 iustitiam
611 535 854 588 offerentibusimpertiri,
870 536 907 576 sed

56 593 108 646 quod
123 605 196 631 novum
211 592 366 640 Testamentum,
381 605 490 645 verumque
505 606 528 633 ac
541 607 614 647 purum
630 595 719 634 eiusdem
735 593 859 633 Testamenti
874 606 906 633 sa-

56 648 152 690 crificium
174 654 194 688 et
215 648 338 693 ohiationem
356 648 464 700 significari
483 650 549 691 veliet.
583 651 618 691 Sic
636 651 697 701 igitur
712 650 827 702 abroganda
842 649 906 690 iuisse

54 713 120 747 vetera
135 705 240 753 sacrificia,
255 712 278 745 ut
292 718 354 757 gertus
368 706 467 757 integrum
483 714 601 755 servaretur,
617 708 696 760 speeies
711 707 905 747 duntaxatimmuta-

54 770 114 804 retur.
143 762 183 802 Sua
199 762 299 814 siquidem
313 762 392 815 utrique
407 764 536 804 Testamento
552 765 651 804 sacrificia
670 777 716 805 esse
731 765 852 811 debuerunt,
869 764 904 804 sed

54 821 91 860 aiia
107 819 189 860 umbrae
205 825 225 859 et
238 820 324 870 figurae,
344 819 383 859 aiia
397 819 442 872 ipsa
455 821 539 869 veritas,
556 821 594 861 alia
609 834 722 868 serrorum,
743 821 781 861 aiia
795 820 905 861 liberorum

53 876 148 930 propria,
164 876 202 916 alia
217 889 292 924 crassa,
308 881 327 917 et
341 889 388 917 vera
402 878 508 918 sanctitate
523 891 593 926 vascua,
610 878 648 918 aha
663 878 738 917 munda
753 884 773 918 et
787 890 843 929 pura,
860 878 904 929 qui-

53 936 90 974 bus
109 933 130 973 in
152 932 224 985 spiritu
239 938 260 973 et
273 933 356 973 veritate
372 934 444 973 colitur
458 935 520 982 iieus,
540 948 646 987 veramque
662 935 758 974 iustitiam
774 935 904 986 consequitur

53 992 120 1032 homo.
151 991 215 1038 Quum
230 989 298 1043 itaque
313 990 352 1030 ianr
361 991 414 1031 Deus
428 1003 465 1043 per
479 991 587 1031 biaiaehiae
595 992 728 1044 prophetiam,
744 1004 787 1044 cap.
796 993 811 1032 Ι.
825 991 858 1032 ld.
869 991 902 1033 lt.

53 1048 215 1100 rricrnfestissirne
230 1047 368 1100 sipnificassct,
384 1051 477 1100 qnoniam
488 1052 550 1100 prior
558 1050 634 1100 quidem
638 1049 728 1101 populus
736 1050 820 1089 cessabit
828 1049 903 1102 offerre

53 1105 104 1153 iieo,
125 1107 180 1145 oraui
193 1112 258 1145 irritem
274 1104 316 1144 ioco
332 1104 453 1157 sacrificiunt
469 1106 566 1158 offeretur
581 1108 607 1152 ci,
628 1113 646 1145 et
661 1106 697 1145 troc
710 1118 796 1157 purum,
816 1104 903 1157 impiens

53 1162 104 1201 hano
118 1160 244 1214 prophetiam
252 1160 349 1208 Christus,
365 1164 415 1202 nori
421 1160 541 1202 Testamenti
548 1174 621 1202 noveni
633 1163 699 1202 decicit
708 1162 833 1207 oblationem,
845 1174 903 1214 quoni

53 1218 134 1259 ecclesio
148 1219 172 1259 ob
188 1217 286 1270 apostolis
301 1220 406 1269 occipiens,
421 1221 442 1258 in
456 1222 552 1258 tirrioerso
567 1219 641 1259 rrnncdo
658 1218 775 1272 offertDeo.
803 1218 903 1258 Nimirum

53 1278 95 1316 siris
110 1275 213 1328 disciprciis
229 1274 280 1315 duris
296 1274 410 1320 consilinm,
426 1277 528 1327 pra'rnities
543 1275 585 1315 Deo
605 1276 680 1328 offerre
698 1288 722 1315 cn
738 1279 779 1315 suis
796 1279 902 1323 erecturos,

52 1345 93 1373 raon
108 1336 167 1385 quasi
179 1332 280 1383 indipcnti,
296 1332 330 1372 sed
343 1339 368 1372 nt
381 1334 422 1383 ipsi
434 1345 470 1371 ricc
484 1332 614 1383 infructuosi,
630 1335 803 1384 rtecinqrntisint,
819 1336 904 1384 eccequi

52 1402 77 1429 eac
92 1397 186 1430 ereatura
198 1392 260 1441 pertis
275 1395 310 1436 est,
327 1391 411 1440 accepit,
432 1396 450 1429 et
464 1393 542 1441 pretias
558 1392 604 1440 epit,
626 1390 704 1429 dicens:
723 1389 767 1429 Hoc
782 1393 813 1429 est
828 1402 901 1441 corpus

51 1459 124 1486 meum.
149 1447 176 1487 Et
191 1446 269 1486 calicem
284 1445 382 1493 similiter,
399 1448 476 1498 quiesi
491 1458 516 1486 en
531 1459 553 1486 en
569 1453 669 1492 creatura,
685 1459 734 1499 quoe
749 1453 779 1486 est
793 1447 902 1487 secunaum

51 1516 95 1549 rios,
110 1515 169 1544 sanun
183 1505 299 1554 suriqrn'neni
315 1503 419 1555 corifessns
435 1510 465 1542 est
473 1499 494 1553 ¹).
523 1502 549 1542 Et
563 1502 613 1542 haec
623 1503 716 1543 ecciesiae
724 1503 797 1543 oblatio
806 1507 837 1542 est
843 1516 902 1556 quern

51 1560 149 1601 Donn'nns
165 1560 231 1600 decicit
245 1560 318 1612 offerri
331 1561 353 1599 in
366 1561 462 1599 iiiiioerso
476 1559 562 1599 tirannio:
577 1559 616 1599 hoc
623 1560 836 1612 piamonsacrificinm,
848 1560 901 1612 quod

52 1630 96 1658 caeru
114 1617 240 1669 sirnpiicitute
257 1615 339 1656 ecclesie
361 1616 427 1669 offert.
459 1616 544 1668 Oportet
558 1619 610 1656 enim
624 1628 662 1656 rios
678 1616 796 1656 oblationem
810 1616 852 1657 Deo
866 1617 901 1669 fn-

52 1687 107 1721 cere,
126 1677 180 1715 etin
196 1674 285 1713 oniitibns
300 1679 370 1724 protos
385 1675 474 1713 inueniri
485 1673 609 1725 fabricatori
621 1672 673 1720 oei,
692 1676 714 1713 in
728 1676 827 1715 sententie
838 1686 900 1725 praru,

52 1738 70 1771 et
84 1731 123 1784 fide
137 1733 180 1771 sine
195 1730 302 1782 hypocrisi,
317 1732 339 1769 in
347 1742 381 1782 spe
388 1729 454 1782 firrrtc,
470 1732 491 1769 in
500 1730 604 1772 dilectione
610 1730 705 1782 fermenti,
714 1733 816 1783 prirrritius
825 1743 900 1778 carrina,

51 1800 100 1840 qaue
115 1795 164 1828 sient
178 1790 227 1836 crus,
243 1794 385 1826 creaturarum
400 1784 537 1840 offerentesb.
566 1787 635 1839 ipsum
650 1798 697 1837 ergo
706 1786 832 1839 quodpridie
841 1800 900 1840 quam

50 1850 151 1897 pateretur
167 1843 257 1884 Christus
272 1844 313 1883 Deo
325 1843 381 1883 Patri
395 1843 517 1884 sacrificium
531 1843 609 1892 obtulit,
624 1856 697 1896 pionem
712 1848 731 1883 et
744 1843 813 1883 vinum
829 1857 899 1885 conse-

50 1902 131 1949 crando,
147 1898 230 1941 aiterum
245 1913 304 1940 suum
318 1913 398 1952 corpus,
413 1900 496 1940 aiterum
511 1912 569 1940 suum
584 1913 630 1940 esse
644 1900 762 1951 sanguinem
773 1901 899 1950 confiterere,

50 1958 99 1998 iilud
114 1959 168 1999 idem
182 1957 268 1998 ecclesia
282 1957 303 1997 in
317 1957 410 1997 universo
425 1957 506 2005 mundo,
522 1956 596 1997 Christi
610 1957 701 2006 magistri
716 1957 747 1997 sui
757 1958 853 2009 exemplo,
868 1958 898 1998 ia-

50 2015 145 2055 bricatori
159 2015 200 2055 Deo
216 2015 281 2054 oiiert.
310 2014 354 2054 Hoc
368 2014 412 2054 eius
427 2013 554 2062 sacrificiunt,
569 2014 619 2054 haec
635 2014 716 2063 oblatio,
733 2013 898 2067 sacrificiumpu-

50 2084 104 2122 rum,
127 2072 202 2111 oblatio
223 2070 297 2110 munda
320 2075 340 2111 et
358 2070 440 2110 illibata.
469 2070 504 2110 Sic
518 2070 596 2111 irenaei
612 2075 675 2111 aetate
691 2071 791 2111 sentiebat
806 2071 897 2119 ecclesia⁷

50 2128 80 2170 sic
95 2129 171 2180 agebat,
187 2128 217 2169 sic
232 2127 336 2168 credebat:
350 2140 423 2180 panem
439 2133 459 2167 et
472 2127 546 2175 vinum,
562 2127 622 2168 ueluti
637 2127 737 2179 primitias
753 2140 830 2177 earum,
847 2142 897 2180 cquae

51 2186 145 2234 sunthei,
161 2191 296 2225 creaturarum
304 2184 407 2232 offerebat,
419 2184 552 2225 benedicebat
559 2189 580 2224 et
587 2185 728 2224 consecrabat:
744 2186 897 2225 consecratione

49 2255 96 2282 vero
111 2244 174 2291 iacta,
192 2242 233 2282 iam
247 2254 289 2282 non
304 2254 428 2281 communem
444 2254 489 2281 esse
504 2254 576 2293 panem
591 2247 611 2281 et
626 2253 730 2281 commune
744 2241 813 2281 vinum
829 2242 896 2282 existi-

49 2300 122 2349 mabat,
136 2304 159 2341 ut
172 2312 219 2339 mox
233 2298 340 2351 explicabit
353 2299 454 2346 irenaeus,
470 2299 505 2338 sed
520 2298 587 2350 ipsum
602 2298 676 2339 Christi
692 2310 765 2350 corpus
781 2303 801 2338 et
815 2298 895 2349 sangui-

49 2368 95 2396 nem
107 2369 153 2397 esse
168 2356 305 2396 confitebatur.
334 2356 394 2405 Haec,
410 2356 498 2408 inquam,
514 2356 612 2396 ecciesiae
627 2355 737 2395 catholicae
752 2356 836 2395 secundi
851 2368 895 2395 sae-

49 2413 88 2453 culi
101 2419 144 2454 toto
159 2413 208 2453 orbe
221 2413 279 2453 fides.
756 2411 757 2415 ’

104 2470 139 2513 78,
168 2470 224 2518 Quae
238 2482 285 2510 vero
300 2468 388 2509 hostium
403 2468 446 2508 eius
460 2474 507 2508 tuuc
521 2469 618 2520 temporis
633 2465 747 2507 sententia?
775 2467 806 2507 An
817 2467 895 2509 eiusde

49 2527 148 2568 sacrificio
163 2527 296 2567 eucharistiae
310 2526 370 2566 fidem
384 2525 533 2577 impugnabant,
548 2526 579 2564 vei
594 2538 617 2565 eo
634 2524 732 2564 contineri
747 2530 767 2563 et
782 2524 850 2564 offerri
860 2538 895 2565 re-

48 2595 92 2623 rum
111 2584 185 2625 Christi
205 2596 278 2635 corpus
297 2588 317 2623 et
338 2581 455 2634 sanguinem
473 2580 588 2632 negabant?
616 2580 685 2621 iudaei
701 2580 790 2632 qrridem,
810 2581 839 2621 ait
853 2582 894 2623 ire-

47 2652 109 2681 naeus
115 2639 139 2692 ³),
154 2640 287 2681 eucharistiae
302 2639 423 2680 sacrificium
430 2645 532 2690 spernunt,
543 2652 581 2678 nec
588 2650 658 2690 puram
667 2637 789 2677 oblationem
797 2639 893 2680 offerunt:

47 2695 120 2739 dianus
136 2701 187 2739 enim
202 2710 271 2737 eortina
285 2697 346 2737 diuini
361 2696 420 2736 Verbi
436 2708 495 2736 carne
510 2695 584 2744 induti,
605 2694 658 2746 quod
673 2694 824 2743 crucifixerunt,
845 2709 895 2736 serc-

46 2757 105 2803 pnine
116 2755 189 2807 rainice
204 2761 257 2794 sunt.
288 2755 353 2802 Quum
368 2765 415 2804 ergo
431 2765 473 2793 aron
487 2757 599 2805 receperint
608 2751 830 2800 Verbarnincarnatum,
843 2754 895 2805 quod

48 2810 135 2863 offertur
149 2811 190 2853 Deo
197 2810 252 2851 Patri
267 2810 288 2849 iu
304 2810 402 2851 sacrificio
418 2809 562 2858 eucharistiae,
577 2808 624 2862 quid
640 2821 663 2847 ea
677 2809 783 2860 repudiata
797 2822 842 2849 rera
857 2822 893 2849 no-

46 2877 82 2908 vae
96 2867 147 2919 legis
161 2866 228 2908 hostia
242 2866 322 2908 miseris
337 2867 377 2907 iam
391 2879 498 2920 superesse
512 2872 585 2919 potest,
599 2869 679 2918 praeter
689 2879 759 2906 vanam
768 2866 893 2919 ctimpurarn

44 2951 250 2960 ’,Ἢ

91 2991 360 3033 1)Ιῐεη.111].Ν.ο,1Ἰ.η.5.
408 2990 629 3034 itdaqt.18.n.i,eti‚
677 2992 752 3031 :nna
