1936 3304
82 242 109 282 68
347 257 392 285 nen.
408 257 504 285 lleSllETl
519 256 647 285 otssnnrsrto
663 256 670 283 Ι

81 354 195 397 medietatis
209 356 254 398 loco
269 357 290 397 in
304 357 393 410 pleroma
407 359 542 411 migraturam,
558 371 634 411 sponso
649 369 686 397 suo
697 355 795 397 Salvatori
809 357 927 407 nupturam:

82 411 184 466 spiritales
200 420 276 462 autern,
293 415 365 455 animis
380 416 498 456 animalibus
514 421 594 463 exutos,
610 415 733 467 spiritusque
748 411 884 464 intelligentes
899 412 928 451 f-

83 474 133 518 ctos,
148 471 238 522 pleroma
252 471 323 512 itidem
337 473 456 522 suberrntes,
475 474 497 513 in
512 485 597 526 sponsas
613 472 737 523 assignatum
752 470 777 510 iri
793 468 869 520 angelis
885 469 929 508 Sal-

82 527 158 567 vatoris
173 528 303 568 satellitibus:
323 529 452 582 Demiurgum
472 543 529 579 vero,
549 542 595 570 11111
609 529 709 569 iustorum
723 527 842 568 animalibus
858 526 931 566 animis

84 583 186 625 inlocum
200 585 270 625 matris
277 586 393 635 helramoth,
409 588 536 628 medietatem
543 586 642 633 videlicet,
657 585 794 637 migraturum,
809 583 837 623 ibi
846 583 931 635 perenni

84 641 151 692 quiete
167 642 287 682 donandum.
315 643 385 695 Neque
400 645 454 684 enim
468 644 559 697 psychici
573 643 682 696 quidquam
688 643 741 682 intra
748 642 837 694 pleroma
846 639 931 680 admitti.

84 697 136 737 Tum
149 710 196 738 vero
211 698 277 750 ignem
292 711 344 748 eum,
360 700 394 752 qui
409 701 430 740 in
444 702 518 741 mundo
527 701 581 748 latet,
597 705 720 752 erupturum,
738 698 868 749 confectaque
877 697 931 736 ontni

83 755 177 803 materia,
196 755 270 795 mundo
289 756 350 796 simul
369 762 389 796 et
406 757 495 797 ludicrae
515 758 562 797 huic
576 757 759 798 Valentinianorum
778 754 857 794 fabulae
871 754 931 794 1111111

84 811 231 864 impositurum.

141 868 175 908 211.
197 868 270 908 Ρ11111
288 869 339 909 haee
357 870 455 922 complexi
474 883 555 920 sunrus3
574 869 636 922 idque
655 869 704 910 satis
721 881 759 921 pro
777 867 870 907 instituto
886 867 930 907 fuit.

85 924 165 965 Fusiori
180 924 226 965 stilo
241 927 372 978 prosequitur
385 927 481 968 lrenaeus
495 928 531 967 lib.
545 941 560 967 1.
577 939 620 979 cap.
637 927 655 967 l.
671 931 691 966 et
699 939 755 978 seqq.
784 924 807 965 Si
822 923 871 976 quid
884 937 931 964 vero

86 981 211 1021 difficultatis
229 982 250 1022 in
269 983 335 1023 verbis
355 985 474 1032 occurrerit,
494 985 533 1024 hoc
553 985 575 1024 in
589 984 644 1023 notis
659 983 759 1035 explicare
774 981 841 1021 conati
856 993 932 1020 sumus

87 1038 131 1086 Quo
146 1038 186 1078 iarn
200 1039 284 1080 tendant
297 1045 414 1091 portentosa
429 1042 463 1081 illa
478 1041 548 1082 deliria
567 1045 587 1081 et
602 1041 654 1080 unde
669 1039 809 1092 profluxerint,
829 1037 923 1090 inquiren

86 1095 134 1134 dum
148 1101 246 1147 superest.
275 1097 304 1137 rtc
317 1098 382 1149 prirrro
398 1099 479 1150 quidem
492 1111 554 1139 vanas
569 1097 618 1137 Galli
635 1096 739 1137 cuiusdam
752 1094 871 1136 recentioris
885 1106 933 1134 eon-

86 1152 205 1193 iectationes
220 1165 261 1193 non
275 1167 349 1202 rnoror,
366 1154 400 1207 qui
414 1161 436 1196 ut
442 1155 567 1195 Valentinum
583 1155 667 1205 eiusque
681 1153 792 1206 discipulos
802 1151 823 1192 in
831 1151 933 1204 plerisque

87 1209 191 1250 doctrinae
206 1223 254 1250 snae
269 1210 369 1263 capitibus
384 1212 408 1252 ab
422 1212 502 1252 haeresi
520 1212 617 1259 vindicet,
638 1211 734 1262 mysticos
749 1209 847 1262 quosdam
861 1221 933 1248 sensus

88 1266 125 1306 sub
144 1267 276 1318 aenigmatico
295 1269 401 1308 verborum
421 1269 495 1309 cortice
514 1269 665 1315 delitescentes,
687 1267 767 1319 sibique
782 1265 820 1306 soli
834 1266 933 1305 revelatos

88 1323 191 1363 extrahere
206 1329 299 1373 conatur,
319 1337 342 1365 ae
360 1325 459 1365 mendacii
474 1325 570 1378 probrum
584 1325 685 1365 veteribus
700 1323 793 1364 omnibus
807 1321 898 1375 patribus
913 1321 933 1360 iu

88 1391 111 1418 os
126 1379 223 1430 ingerere,
239 1380 299 1420 immo
315 1387 335 1421 et
350 1394 385 1422 eos
400 1382 501 1422 interdrun
516 1382 638 1435 imposturae
654 1393 743 1432 arguere,
758 1380 885 1431 absurdaque
896 1379 933 1417 Va-

87 1435 159 1475 lentini
181 1437 205 1476 de
219 1437 279 1477 Verbi
301 1439 429 1489 generatione
450 1445 562 1479 commenta
580 1438 646 1478 aureis
661 1436 765 1478 Athanasii
780 1441 800 1476 et
814 1435 885 1476 Hilarii
901 1447 933 1475 ex*

87 1492 228 1545 pressionibus
246 1494 305 1545 longe
324 1500 446 1547 anteponere
465 1508 506 1535 non
520 1501 606 1536 veretur.
635 1493 686 1535 Nae!
702 1493 854 1544 sagacissimum
868 1492 933 1532 homi-

87 1561 140 1598 uem,
156 1550 190 1602 qui
204 1555 251 1603 post
266 1551 381 1602 quindecim
395 1552 475 1593 circiter
489 1553 570 1593 saecula
584 1551 605 1592 id
620 1550 865 1602 sibinotissimumputet,
881 1548 933 1601 quod

88 1612 156 1658 patres
166 1607 273 1647 haereticis
281 1608 321 1648 illis
333 1613 366 1649 aut
374 1622 459 1650 coaevos
470 1615 504 1650 aut
511 1622 610 1662 suppares
617 1608 675 1660 sugit.
689 1609 744 1649 Haec
752 1608 803 1647 torte
811 1606 933 1647 Achamotha

89 1662 195 1715 quaepiam
213 1670 276 1705 mater
296 1678 307 1705 e
322 1666 400 1717 sepulto
416 1667 490 1706 dudum
504 1666 603 1706 Valentini
618 1666 728 1718 pleromate
742 1663 830 1704 rediviva
845 1663 933 1703 1111111-

89 1719 147 1759 terici
161 1720 215 1761 illius
230 1734 289 1761 aures
304 1722 445 1769 insusurravit,
467 1736 517 1776 quae
533 1722 570 1763 soli
586 1722 616 1762 illi
630 1723 696 1762 serant
710 1722 744 1774 qui
760 1721 850 1761 eiusdem
863 1719 934 1760 matris

88 1775 165 1817 semine
180 1776 267 1830 inspersi
282 1779 367 1828 fuerint,
387 1780 494 1832 explodunt
506 1793 554 1820 vero
570 1779 683 1831 quicunqne
698 1778 762 1819 sobrii
775 1777 889 1817 veneranda
903 1776 933 1816 hi-

88 1832 163 1873 storiae
177 1834 237 1874 simul
252 1847 276 1874 ac
290 1835 404 1875 traditionis
419 1836 568 1877 ecclesiasticae
575 1837 703 1876 fundamenta
712 1847 810 1876 concussa
818 1846 859 1874 nou
866 1833 934 1873 velint.

145 1889 178 1931 21.
200 1891 242 1932 Nec
256 1892 320 1942 magis
335 1893 429 1933 audiendi
445 1894 488 1946 qui,
505 1898 526 1933 ut
540 1894 626 1934 Ioannes
640 1892 760 1933 Franciscns
774 1891 878 1939 Reddens,
894 1890 933 1930 iam

88 1946 170 1995 citatus,
191 1947 213 1988 in
232 1961 267 1989 1111
286 1950 311 1989 de
326 1950 405 1990 haeresi
423 1950 557 1990 valentiniana
580 1950 732 1997 dissertatione,
751 1947 933 1988 Valentinianorum

87 2003 161 2055 placita
176 2017 200 2045 er
213 2005 486 2058 philosophiaHebraeorum
500 2006 631 2047 lrabbalistica
643 2006 742 2055 derivant,
758 2018 828 2057 eaque,
843 2004 934 2044 utemol-

87 2060 147 2108 liant,
170 2062 195 2101 ad
213 2063 329 2103 reconditos
348 2064 418 2104 nescio
440 2077 490 2120 quos
510 2077 581 2105 sensns
597 2064 726 2116 detorquent,
749 2067 838 2102 veterum
853 2061 934 2113 scriptis

88 2117 128 2156 11111
142 2117 258 2167 inferentes,
273 2119 334 2160 imino
349 2120 444 2161 iuvidiam
459 2127 534 2162 temere
549 2121 653 2162 facientes.
682 2120 710 2161 lis
726 2119 779 2160 111111
791 2119 905 2159 auctoribus
913 2118 934 2157 id

89 2173 150 2225 gratis
166 2187 279 2227 supponere
293 2178 375 2229 placuit,
391 2179 444 2230 quod
459 2179 483 2218 ab
499 2179 544 2231 ipso
558 2177 816 2230 limineprobandunrerat,
830 2175 935 2215 lrabbalarn

88 2231 153 2282 primo
169 2236 189 2271 et
203 2234 292 2273 secundo
307 2239 354 2286 ptest
369 2235 470 2275 Christum
484 2240 552 2276 natum
567 2235 648 2275 saeculo
663 2234 809 2274 notamfuisse.
840 2232 934 2280 Quamvis

89 2300 100 2328 a
115 2286 190 2328 Christi
209 2294 272 2330 aetate
287 2290 356 2330 ludaei
375 2304 386 2331 a
404 2304 451 2331 vera
469 2297 548 2344 patrum
568 2304 650 2331 suorum
669 2290 797 2344 simplicitate
817 2289 934 2340 degeneres,

88 2344 129 2384 iarn
143 2345 217 2385 tabulis
230 2352 317 2387 ruentem
332 2354 448 2399 pascerent,
467 2349 557 2388 nondum
577 2353 642 2388 tamen
661 2361 684 2388 eo
701 2360 765 2400 nsque
780 2346 849 2387 delusa
863 2346 933 2392 luerat,

88 2406 111 2441 ut
125 2401 259 2453 sephiroticas
270 2403 387 2453 chimaeras,
402 2405 647 2454 kabbalistieosnnrndos,
662 2405 785 2456 insanasque
792 2403 859 2456 potins
875 2415 935 2455 quam

88 2458 183 2510 mysticas
198 2459 310 2501 litterarum
326 2473 350 2501 ac
364 2474 493 2502 nurnerorum
509 2462 655 2515 copulationes,
671 2461 794 2514 peperisset,
818 2459 889 2512 quibus
904 2459 934 2499 lu-

89 2514 164 2555 dificati
178 2517 308 2567 recentiores,
323 2518 373 2559 alios
389 2520 517 2572 postmodrun
531 2519 627 2559 ludificati
642 2524 695 2559 sunt.
726 2519 783 2560 Certe
794 2517 870 2557 tustino
882 2529 934 2557 roar-

91 2572 133 2622 11111,
150 2572 238 2624 Origeni,
254 2574 381 2628 Hieronymo,
396 2577 520 2629 Epiphanio,
540 2576 625 2629 aliisque
640 2575 730 2629 patribus
745 2574 843 2627 antiquis
858 2586 895 2626 pro
911 2586 934 2613 eo

91 2629 144 2679 quod
163 2642 207 2670 cum
221 2630 301 2671 ludaeis
319 2633 434 2674 intercessit
451 2634 502 2686 ipsis
522 2633 653 2681 commercio,
673 2639 779 2685 perspecta
799 2638 819 2671 et
834 2630 935 2682 explorata

59 2715 60 2718 η
92 2689 134 2724 1111
153 2684 232 2727 illorum
251 2688 352 2729 doctrina:
372 2691 396 2729 de
411 2691 526 2731 uonrinibus
541 2691 576 2731 Dei
592 2689 702 2731 secundum
717 2689 820 2730 Hebraeos
835 2687 934 2727 interdum

91 2740 237 2785 disseruerunt:
259 2758 320 2785 vanas
334 2747 453 2787 Iudaeorum
470 2748 589 2788 traditiones
608 2747 711 2799 anilesque
726 2746 803 2786 fabulas
818 2757 859 2784 non
873 2744 935 2784 semel

91 2798 184 2838 insectati
199 2806 255 2841 sunt:
270 2803 294 2842 de
309 2803 447 2844 lrahhalisticis
462 2818 508 2845 vero
522 2804 588 2856 nugis,
605 2803 669 2844 ethei
683 2803 765 2843 nomine
779 2800 934 2854 perduodecim,

90 2855 176 2908 111142,
191 2858 360 2908 portationis
379 2860 488 2913 explicato,
511 2862 596 2914 aliisque
614 2860 712 2902 eiusmodi
727 2859 815 2908 naeniis,
835 2871 860 2898 ne
873 2858 934 2898 verbo

92 2912 172 2963 quidem
187 2914 328 2965 meminerunt,
350 2923 384 2958 aut
398 2917 473 2970 aliquid
489 2917 784 2969 1111111111111111111111111,
812 2915 888 2956 Invicto
904 2927 934 2954 ar

92 2975 185 3019 garriente
199 2971 289 3012 1111111111
303 2975 424 3026 excogitatas
439 2987 490 3015 esse.
519 2976 544 3015 Et
558 2981 612 3016 certe
627 2974 718 3027 quisquis
733 2974 757 3014 de
772 2972 856 3013 lrabbala
866 2971 935 3024 mysti-

93 3037 116 3065 ca
136 3028 261 3080 conscriptos
279 3028 342 3070 libros
361 3032 442 3080 adierit,
462 3037 496 3072 aut
514 3032 621 3084 peritiores
641 3031 757 3072 erabhinis
772 3028 903 3076 consuluerit,
924 3041 935 3069 e

91 3083 175 3135 vestigio
191 3085 328 3139 deprehendet
342 3089 448 3130 adrirodum
463 3095 554 3131 recentes
570 3102 624 3140 esse,
646 3089 718 3141 vixque
737 3094 861 3128 1111111111
877 3085 935 3138 quin-
