1936 3304
58 187 99 227 5111
255 196 290 225 t'tl.
313 196 346 224 Fu.
365 195 466 224 uniuersus
482 195 528 223 tran.
544 195 603 223 LEONI
619 194 716 223 nrlsreta

57 296 165 349 venarique
182 296 223 337 ullo
239 299 300 338 ruodo
315 302 392 350 potest,
408 295 479 335 silente
494 295 532 334 bac
548 295 572 335 do
586 307 609 334 re
624 295 715 346 Christo,
730 296 827 349 apostolis
843 301 862 336 et
880 308 912 337 ec-

59 354 127 394 clesia.
156 354 209 405 Ergo
230 351 344 410 ἐπίκλησις
359 352 446 405 Spiritus
466 351 529 391 sancti
548 352 650 404 pertinere
669 353 694 393 ad
714 353 823 394 essentiam
842 366 912 393 cense-

59 410 155 450 erationis
171 424 213 451 nou
227 418 300 463 potest.

115 468 193 508 Deinde
208 481 248 508 uon
263 468 285 506 fit
300 465 431 512 consecratio,
447 465 486 505 uisi
501 465 580 516 quando
596 466 690 505 sacerdos
698 464 792 518 loquitur,
808 473 830 507 ut
837 466 912 507 Christi

59 536 108 576 prae
124 537 146 564 se
161 536 268 576 personam
283 524 357 562 ferens.
387 522 510 572 „Quomodo
523 526 600 572 potest,
615 522 680 574 inquit
695 522 843 574 11111111051151),
860 524 913 575 qrrod

59 580 118 633 panis
134 587 170 628 est,
187 593 258 631 corpus
275 592 319 618 esse
336 576 425 618 Christi?
442 578 605 618 Consecratione.
621 578 750 619 Consecratio
765 580 826 630 igitur
841 581 913 631 quibus

59 637 127 677 verbis
142 643 178 684 est,
195 644 214 676 et
229 636 284 675 cuius
300 633 443 675 sermonibus?
473 634 552 674 Domini
567 635 619 674 lesu.
648 635 699 675 Nam
716 636 792 687 reliqua
808 648 868 688 quum
884 636 914 676 di-

62 699 133 734 cuntur
148 694 190 732 laus
205 693 246 732 Deo
263 694 345 732 offertur
360 698 391 732 etc
394 722 455 731 .....
474 691 512 731 Ubi
527 691 615 737 venitur,
631 698 653 732 ut
668 692 785 732 conficiatur
798 693 914 733 venerabile

61 754 212 797 sacramentum,
228 749 268 788 iam
283 762 323 788 neu
339 749 381 788 suis
398 747 524 788 sermonibus
540 747 641 797 sacerdos,
658 748 693 788 scd
708 749 771 789 utitur
786 750 913 789 sermonibus

62 806 156 847 Cln·isti.“

117 862 176 914 Atqui
192 861 212 901 in
228 861 281 901 nulla
297 874 381 914 prorsus
395 862 475 913 liturgia
490 860 624 901 introducitur
639 856 754 919 ἐπίκλησις
769 862 855 915 Spiritus
869 874 915 901 sau-

61 919 87 958 cti
107 932 118 959 a
137 920 241 958 sacerdote
260 919 373 959 recitanda
394 924 487 969 tauquam
506 917 530 956 ab
551 931 574 958 eo
591 919 624 969 qui
641 924 696 969 gerat
710 931 817 971 personam
833 918 914 966 Christi,

61 976 97 1016 sed
113 975 172 1016 veluti
188 976 211 1015 ab
228 989 262 1022 eo,
279 975 312 1027 qui
327 975 422 1027 precibus
438 975 523 1025 indiget,
538 980 561 1014 ut
575 976 625 1014 tanti
640 975 747 1016 ministerii
763 976 852 1016 obtineat
867 976 915 1015 elle-

62 1038 121 1072 ctum.
152 1032 209 1079 011011
231 1045 255 1071 eu
274 1045 312 1071 arna
327 1032 395 1071 lacobi
414 1031 504 1083 liturgia,
528 1044 578 1083 quae
598 1044 643 1072 csse
658 1032 721 1071 instar
737 1032 826 1072 omniurn
840 1038 915 1084 petest,

60 1090 92 1128 vel
107 1088 219 1129 certissime
235 1089 316 1128 eruitur.
345 1089 409 1129 Habet
424 1086 499 1138 errim²l
515 1089 625 1134 „miserere
640 1088 699 1128 nobis
713 1089 766 1128 Deus
778 1088 838 1129 Pater
851 1088 915 1128 0111111-

61 1151 141 1198 potens,
158 1150 178 1184 et
193 1146 248 1185 mitte
265 1146 361 1197 Spiritum
378 1153 432 1185 tuum
448 1150 538 1184 salictum
554 1144 669 1192 borninum,
690 1150 709 1184 et
723 1145 864 1192 vivificantem,
881 1144 916 1197 qui

62 1202 100 1242 tibi
116 1203 187 1242 throne
203 1202 291 1253 aerpralis
307 1207 344 1249 est,
360 1209 379 1242 et
395 1202 435 1241 [ilio
452 1201 540 1252 aequalis
549 1213 616 1251 regno,
632 1201 813 1249 consubstantialis,
830 1207 917 1241 110001-

62 1264 141 1307 ternus,
167 1259 201 1309 qui
220 1259 297 1298 locutus
317 1259 382 1298 151111
397 1259 440 1309 lege
459 1264 478 1297 et
492 1258 597 1310 prophetis
617 1263 636 1297 et
650 1258 705 1297 Nero
721 1259 848 1299 Testamenta
870 1265 916 1306 [11ος

64 1315 98 1367 qui
107 1315 211 1354 descendit
219 1315 239 1353 iu
249 1315 378 1354 similitudine
389 1315 492 1353 columbae
500 1326 561 1365 super
571 1314 677 1354 Dominum
687 1321 778 1354 nostrum
785 1316 851 1355 lesuin
860 1314 917 1354 Chri-

64 1377 116 1411 stum
135 1371 156 1409 in
171 1371 257 1410 lordane
275 1371 368 1410 flumine:
390 1370 423 1422 qui
443 1370 549 1410 descendit
563 1383 624 1422 super
638 1372 741 1422 apostolos
757 1379 837 1411 sanctos
853 1371 874 1410 in
890 1371 917 1410 51-

62 1427 176 1468 militudine
194 1427 307 1477 linguarum
326 1426 385 1477 iguis.
419 1426 510 1479 Populus
526 1426 584 1478 llyrie
604 1427 681 1466 eleison
701 1435 739 1468 ter.
755 1426 862 1467 Sacerdos.
893 1428 918 1467 Ut

63 1484 172 1524 adueniens
187 1484 261 1523 efficiat
275 1496 347 1536 partem
362 1484 421 1523 istum
438 1495 510 1534 corpus
525 1483 630 1531 vivificum,
646 1496 719 1535 corpus
735 1484 827 1531 salutare,
844 1496 917 1535 corpus

65 1541 160 1587 caeleste,
181 1552 254 1592 eorpus
271 1539 374 1580 animabus
390 1545 409 1579 et
424 1539 543 1591 corporibus
558 1540 643 1579 salutem
658 1545 773 1591 praestans,
789 1553 862 1592 corpus
878 1541 918 1580 llo-

63 1597 113 1637 mini
128 1597 174 1644 Dei,
195 1603 214 1637 et
229 1597 337 1636 Salvatoris
357 1596 420 1635 nostri
435 1596 482 1635 lesu
497 1596 571 1635 Christi
590 1596 610 1635 in
626 1596 767 1636 remissionem
782 1602 917 1648 peccaterum,

65 1659 84 1693 et
105 1654 164 1693 uitam
185 1658 286 1693 aeternam
307 1652 452 1704 accipientibus
472 1652 527 1691 illud.
557 1653 660 1705 Populus:
679 1652 749 1693 Arnen.
772 1652 882 1693 Sacerdos:
899 1658 919 1693 et

64 1710 148 1750 mixtum
163 1710 215 1760 quod
232 1715 263 1748 est
278 1710 299 1749 in
313 1710 352 1748 boc
367 1709 430 1749 calice
445 1709 524 1758 etrtciat,
533 1709 651 1760 sanguinem
662 1709 785 1749 Testamenti
799 1710 856 1757 Nori,
872 1723 918 1749 san-

65 1766 145 1817 guinein
161 1766 274 1812 salutarem,
290 1765 407 1816 sanguinem
421 1765 526 1811 vivificum,
542 1765 658 1816 sanguinem
673 1766 786 1812 caelestem,
801 1766 919 1816 sanguinem

66 1822 171 1862 animabus
187 1828 206 1861 et
221 1822 339 1873 corporibus
355 1822 439 1861 salutem
453 1826 598 1873 praestantem,
614 1822 732 1872 sanguinem
746 1823 826 1862 Domini
841 1823 883 1870 Dei,
899 1829 920 1863 et

66 1878 175 1919 Salvatoris
191 1878 255 1917 nostri
266 1878 312 1917 lesu
320 1877 394 1917 Christi
409 1878 429 1916 in
444 1877 583 1917 remissionem
598 1883 733 1929 peccatorum,
748 1884 768 1918 et
781 1881 840 1919 uitam
856 1885 919 1919 aeter-

65 1947 111 1975 nam
124 1934 281 1985 suscipientibus
296 1934 358 1973 illum.
387 1934 488 1985 Populus:
509 1935 577 1973 11111111.
601 1933 710 1974 Sacerdos:
725 1935 749 1974 Ut
764 1934 883 1983 511111101115,
900 1941 920 1976 et

66 1992 165 2038 omnibus,
182 1992 216 2042 qui
231 2003 253 2030 111
269 1990 309 2029 11115
326 1990 431 2042 accipiant,
447 1991 512 2042 iisque
528 1991 702 2030 communicabrrnt
710 1992 734 2030 ad
743 1991 868 2031 sanctitatem
877 1992 919 2032 ani-

65 2061 143 2088 marum
158 2052 178 2087 et
193 2059 309 2098 corporum,
325 2047 349 2086 ad
363 2046 541 2087 sanctificationem
556 2059 639 2099 operum
653 2047 763 2095 honorum,
779 2049 803 2087 ad
814 2049 919 2097 confirma-

66 2105 142 2144 tionem
158 2103 256 2144 ecclesiae
270 2109 316 2143 tuae
331 2109 412 2143 sanctae
428 2107 479 2143 etc.“
510 2104 558 2151 Quis
578 2109 644 2143 autem
662 2108 702 2143 tam
721 2104 838 2156 imprudens
853 2117 920 2145 rerum

67 2173 112 2201 esse
127 2165 195 2213 potest
209 2160 330 2213 ignarusque
345 2160 440 2207 omnium,
456 2165 477 2200 ut
491 2160 541 2200 baec
551 2165 608 2212 putet
623 2161 746 2200 asacerdote
755 2161 800 2209 diei,
817 2162 919 2202 111101111-

67 2219 93 2258 sti
108 2229 215 2270 personam
231 2216 283 2267 gerit
301 2216 369 2268 potius
389 2229 447 2268 qtram
466 2215 583 2268 propriain⁶.l
612 2217 642 2256 lld
661 2217 782 2268 baptismum
800 2230 848 2257 vero
867 2219 920 2271 quod

68 2274 148 2321 attinet,
168 2273 199 2312 aio
220 2278 295 2312 certum
315 2285 355 2311 non
375 2285 431 2320 esse,
451 2273 622 2324 baptizaverintne
641 2274 728 2324 apostoli
744 2274 764 2313 iu
780 2274 823 2313 sole
838 2275 920 2315 nemine

68 2327 172 2380 Christi3).
203 2329 242 2377 Qui
258 2334 324 2368 autem
339 2328 359 2367 id
374 2328 402 2367 ita
417 2329 491 2368 lactum
507 2328 568 2368 fuisse
584 2329 689 2377 affirmant,
705 2330 719 2369 ii
735 2329 794 2370 etiam
806 2331 922 2371 ereduntex

68 2387 135 2426 diviua
154 2387 238 2438 quadam
259 2385 410 2437 dispensatione
430 2386 493 2424 luisse
508 2386 588 2425 lactum.
617 2386 703 2426 Peccant
717 2391 783 2426 autem
797 2387 920 2439 turpissime,

68 2443 162 2495 inquiunt
182 2442 293 2489 dialectici,
316 2441 350 2493 qui
370 2441 394 2481 ad
413 2441 443 2480 rei
458 2441 531 2481 dubiae
545 2442 604 2481 fidem
619 2442 742 2491 faciendam,
761 2456 783 2483 re
798 2456 839 2484 non
855 2445 920 2484 minus

69 2500 129 2541 dubia
143 2499 174 2539 vel
189 2512 229 2539 non
244 2499 293 2538 satis
308 2498 411 2550 explorata
426 2503 515 2537 uruntur.
545 2498 671 2551 Quapropter
686 2512 733 2547 nos,
751 2500 784 2552 qui
800 2501 821 2542 in
836 2513 859 2540 ea
874 2514 921 2541 sen-

69 2557 131 2596 tentia
147 2568 222 2603 sumus,
238 2561 260 2595 ut
275 2555 419 2601 existimemus,
434 2554 473 2593 rim
489 2562 658 2595 sacramentorum
674 2557 762 2597 oninium
778 2569 801 2596 ex
815 2557 920 2597 verborum

69 2613 132 2652 lorma
152 2613 250 2664 pendere,
272 2624 313 2651 11011
333 2610 415 2663 quidem
430 2617 513 2662 propter
526 2612 667 2652 vocabulorum
682 2625 765 2660 sonum,
788 2614 823 2653 sed
838 2621 922 2666 propter

71 2668 144 2712 Christi
163 2668 319 2715 institutionem3
339 2667 458 2707 arbitramur
477 2680 556 2719 qrioque
574 2668 617 2707 sieri
632 2669 683 2708 nibil
697 2670 762 2709 rrrinus
778 2670 874 2721 possein
890 2684 921 2710 san

71 2725 184 2772 crementis,
201 2738 259 2779 qrram
273 2725 333 2764 verba
349 2723 478 2770 institutoris,
495 2725 558 2776 qaroard
574 2725 749 2775 significationem,
764 2727 852 2775 variare,
872 2740 922 2779 quae

72 2785 137 2821 tamen
151 2782 221 2820 variari
237 2794 298 2833 posse
314 2793 427 2828 censemus,
443 2780 461 2820 si
476 2780 559 2820 eundern
573 2781 632 2833 plane
648 2783 731 2822 suffecta
745 2782 805 2823 verbu
821 2783 922 2834 signitica-

73 2933 76 2943 ’·
119 2924 376 2965 prosternabatur.
427 2924 760 2968 01011111511,111111101.1111.11.
777 2929 921 2971 lituruslacob,

72 2971 88 3011 3)
101 2970 142 3003 Dum
155 2972 194 3002 haec
206 2973 299 3012 scriberem,
312 2973 370 3005 Patavii
383 2972 424 3003 edita
437 2971 479 3002 Diss-
492 2976 516 3003 est
528 2974 547 3005 de
559 2975 638 3015 baptismo
651 2976 667 3006 in
679 2975 730 3007 solius
742 2976 755 3008 1,
768 2976 784 3008 C.
798 2976 868 3015 nomine,
881 2986 922 3009 nuu-

72 3026 120 3059 quam
133 3021 233 3055 consecrato,
245 3017 289 3048 luet.
301 3026 375 3058 anonym.
399 3016 431 3048 Sed
444 3020 500 3057 putant
511 3017 584 3061 plerique
596 3020 614 3051 R.
626 3021 644 3053 R.
655 3020 675 3051 11.
688 3020 728 3054 Seri.
