1936 3304
374 172 493 200 ratrammo.
836 157 863 198 tt

16 288 69 328 licet,
90 288 150 330 quum
168 278 235 312 tamen
251 272 370 313 eruditionis
385 273 419 312 illa
435 273 525 326 supellex
540 272 565 311 ad
580 270 667 311 auctoris
683 271 803 311 sententiam
818 272 863 312 illu-

17 337 113 384 strandam
128 342 198 384 parurn
213 330 319 382 pertineat,
333 330 431 369 lectorum
447 331 518 382 exiguo
533 329 599 368 fructu
613 328 667 368 anxit
681 328 777 368 maiorem
792 328 814 367 in
821 342 863 368 mo-

18 402 67 440 dum,
103 389 141 430 Hic
155 393 223 434 taceo,
247 387 301 439 qnod
320 387 341 426 in
360 387 501 427 dissertatione
516 386 604 426 secunda
619 385 745 426 commodius
760 397 864 437 exponam

18 451 67 508 quod
82 448 103 487 in
118 443 223 485 oxoniensi
239 443 327 483 editione
342 449 421 483 servata
436 444 497 483 veteri
513 442 605 495 quidem,
624 443 708 482 Irenaeo
723 448 790 482 tamen
805 442 865 494 longe

18 503 131 552 recentiori,
154 506 174 540 at
193 500 261 553 inepta
275 512 359 552 prorsus
375 499 463 551 capitum
482 500 582 548 sectione,
604 500 696 540 lemmata
712 499 813 538 interdum
828 511 865 551 pro

18 561 95 608 arbitrio
111 557 220 602 sustulerit,
236 556 370 604 transtulerit,
387 557 516 604 dissecuerit,
536 557 667 609 pluribusque
682 569 722 596 non
737 568 783 595 raro
799 555 865 605 simul,

18 634 55 665 non
69 618 113 657 sine
127 614 234 666 dispendio
249 613 336 666 plurium
352 613 439 665 capitum
454 614 494 654 iam
508 614 635 654 lemmatibus
650 618 796 662 truncatorum,
818 625 866 652 con-

18 675 81 732 gestis,
96 671 127 712 vel
142 671 214 710 iisdem
229 670 261 710 bis
277 675 310 709 aut
324 674 355 709 ter
369 670 466 722 repetitis,
483 671 622 711 confusionem
636 670 700 721 magis
708 670 790 718 auxerit,
807 682 866 722 quam

19 729 108 777 mimtcrit
122 727 246 768 clarissimus
262 726 354 767 Grabius.
384 727 443 776 Quid,
461 728 514 781 quod
529 729 639 780 fragmenta
651 739 722 779 graeca
735 727 777 766 suis
786 728 867 779 qandem

18 790 64 833 locis
80 793 192 838 opportune
207 784 293 830 inserta,
312 784 347 823 sed
363 784 390 824 ita
405 784 531 825 incommode
547 786 646 837 disposita
662 784 712 832 sint,
732 789 755 824 ut
768 790 865 836 perpetuo

18 848 67 889 velut
81 842 166 883 circuitu
179 853 217 893 per
230 841 314 892 paginas
330 841 424 881 oberrare
431 847 537 882 teneantur
544 843 641 882 lectorum
650 841 710 889 oculi,
725 841 797 881 incerti
806 853 867 893 saepe

20 916 54 958 quo
75 899 123 939 ferri
139 896 240 938 debeant?
274 898 313 937 Sed
333 899 383 938 haec
402 899 454 939 forte
472 900 641 951 typographorum
661 899 719 950 culpa
734 903 774 945 est,
795 898 867 950 quibus

19 956 109 1002 etiamid
125 955 223 1007 imputare
238 954 341 1003 debemus,
357 955 410 1007 quod
426 961 479 995 tanta
494 956 521 995 sit
534 956 588 995 illius
604 955 699 996 editionis
714 956 735 995 in
749 954 867 995 transmari-

19 1018 48 1058 nis
62 1012 178 1064 regionibus
193 1011 284 1063 penuria,
299 1017 322 1051 ut
337 1025 398 1064 [prum
412 1025 453 1051 non
468 1013 512 1053 sine
527 1013 613 1052 maxima
622 1012 739 1052 difficultate
754 1012 867 1064 maiorique

20 1071 79 1127 pretio
95 1068 208 1120 comparari
221 1073 299 1120 posset,
315 1081 359 1108 eam
373 1069 448 1121 proelis
464 1069 506 1109 suis
521 1069 622 1110 subiicere
636 1069 781 1109 meditarentur
792 1070 866 1109 biblio-

20 1130 73 1183 polae
87 1125 211 1178 parisienses
226 1130 246 1165 et
261 1125 469 1166 amstelaedamenses.

71 1184 140 1235 ltaque
159 1181 207 1221 viris
227 1181 318 1222 doctrina
337 1188 357 1222 et
375 1183 450 1235 pietate
469 1182 585 1234 conspicuis
600 1182 665 1222 visum
680 1188 720 1230 est,
743 1195 784 1221 non
798 1182 867 1222 utilem

20 1241 81 1288 modo,
97 1240 133 1279 sed
147 1239 283 1279 necessariam
298 1252 343 1279 esse
358 1253 429 1279 novam
444 1239 522 1280 irenaei
538 1239 653 1288 editionem,
670 1253 720 1292 quae
729 1243 748 1279 et
755 1239 869 1279 accuratior

21 1302 71 1339 essct
85 1302 105 1335 et
119 1309 130 1335 a
145 1296 254 1336 Catholicis
269 1296 370 1335 inoffenso
389 1297 440 1349 pede
455 1296 535 1336 decurri
549 1301 626 1348 posset.
663 1297 686 1336 ld
700 1296 776 1336 laboris
792 1309 803 1335 a
819 1309 868 1348 quo-

21 1357 71 1408 piam
86 1366 96 1392 e
111 1352 187 1392 nostris
202 1352 279 1405 suscipi
294 1353 410 1405 cupierunt,
426 1354 464 1393 rati
474 1353 573 1399 videlicet,
589 1352 741 1402 necimmerito,
757 1353 868 1399 Irenaeum,

22 1410 149 1464 apostolicum
164 1409 220 1448 illum
234 1410 304 1457 virrnn,
323 1410 479 1451 Occidentolr'uut
495 1410 600 1451 Gallorum
615 1411 686 1457 detineat,
702 1416 724 1450 ut
736 1410 867 1449 vocatTheo-

22 1469 97 1508 doretus
109 1466 130 1515 ยน),
146 1471 253 1519 tantaeque
268 1467 392 1507 auctoritatis
408 1467 533 1520 scriptorem,
549 1480 590 1507 non
605 1467 678 1507 mereri
693 1467 760 1507 minus
769 1479 868 1519 quanrre-

22 1526 89 1577 liquos,
105 1523 162 1563 utin
177 1523 220 1563 eius
236 1536 319 1576 operum
334 1529 426 1564 accurata
445 1525 533 1565 editione
548 1529 618 1564 nostra
632 1529 745 1564 versaretur
759 1523 868 1570 industriae
903 1526 905 1530 '

23 1588 40 1621 et
54 1581 105 1632 qnod
120 1580 141 1619 in
157 1580 201 1620 aliis
216 1593 258 1620 non
271 1580 394 1633 poenitendo
410 1594 512 1627 successu,
529 1594 580 1633 (pirae
596 1595 619 1621 ex
630 1580 785 1632 congregatione
800 1588 870 1621 nostra

22 1637 139 1690 prodierant,
155 1637 278 1677 editionibus
293 1638 410 1689 praestitum
426 1643 463 1687 est,
478 1638 499 1677 in
507 1638 545 1677 ista
558 1651 644 1691 quoque,
660 1651 701 1677 non
708 1638 775 1677 minus
783 1650 870 1690 operosa

23 1707 77 1746 quam
91 1694 211 1741 necessaria,
226 1700 329 1746 praestare
345 1707 469 1735 conaremur.
499 1695 522 1735 ld
537 1695 598 1745 igitur
612 1695 680 1734 oneris
688 1694 806 1747 impositum
812 1693 869 1740 mihi,

23 1752 149 1791 detrectatum
164 1751 244 1803 quidem
259 1751 341 1799 diutius,
357 1751 410 1792 subii
424 1752 511 1792 tandem.
542 1752 596 1799 Quid
609 1764 657 1792 xero
672 1757 775 1803 praestare
786 1757 870 1791 conatus

23 1807 95 1855 suerint,
111 1808 181 1859 paucis
197 1808 342 1860 explicandum.
372 1808 419 1848 Tria
434 1809 483 1848 mihi
492 1808 620 1861 potissimum
630 1810 751 1860 praestanda
759 1821 803 1848 esse
812 1808 869 1848 duxi:

24 1871 91 1904 texttun
107 1865 213 1905 emendare
229 1877 252 1904 ac
267 1864 353 1917 pristino
369 1866 443 1913 decori,
459 1871 481 1905 ut
495 1866 539 1905 fieri
553 1871 626 1917 potest,
648 1865 764 1911 restituere,
784 1866 870 1905 eundem

24 1920 117 1961 illustrare
137 1935 160 1961 ac
181 1922 261 1961 demum
276 1935 298 1961 ea
314 1923 380 1962 ornnia
395 1922 504 1962 lectoribus
519 1935 590 1974 parare
605 1922 705 1971 subsidia,
726 1922 798 1975 quibus
812 1922 871 1962 labor

24 1990 88 2017 eorum
102 1978 210 2018 rnirmatur.
240 1980 270 2018 Ad
284 1979 372 2030 primum
387 1979 440 2031 quod
455 1980 533 2027 attinet,
549 1992 609 2031 (prum
620 1991 703 2030 graecus
711 1978 790 2019 Irenaei
798 1985 869 2025 textus,

24 2035 103 2075 maxima
119 2041 220 2087 exparte,
237 2041 347 2088 temporum
363 2036 443 2083 iniuria,
459 2036 533 2076 dudum
543 2036 632 2088 perierit,
648 2049 740 2089 unusque
749 2036 791 2076 sere
800 2049 870 2088 super-

24 2090 47 2129 sit
60 2091 139 2138 latinus,
156 2093 195 2132 iam
210 2092 274 2132 instar
288 2093 403 2145 archetypi3
419 2093 438 2132 in
454 2094 507 2133 hunc
522 2106 580 2132 curas
590 2106 659 2133 ornnes
675 2093 757 2141 contuli,
772 2098 795 2133 ut
803 2105 869 2133 emen-

25 2147 135 2189 datissimus
155 2162 214 2201 quam
228 2149 272 2189 fieri
287 2154 374 2201 poterat,
396 2157 415 2189 et
430 2150 454 2189 ab
469 2150 569 2203 inspersis
584 2150 713 2190 librariorum
728 2151 786 2202 culpa
801 2150 869 2190 naevis

25 2203 121 2246 abstersus
136 2206 233 2258 prodiret.
261 2207 319 2246 Hunc
334 2207 436 2247 adnotes
451 2212 492 2247 tres
506 2208 563 2248 tiss.
579 2208 666 2256 codices,
682 2221 693 2247 a
708 2207 762 2247 nullo
773 2207 870 2247 hactenns

24 2262 135 2311 recensitos,
151 2263 284 2303 attentissime
299 2264 361 2314 exegi.
395 2264 484 2304 Primum
499 2278 510 2304 e
528 2264 651 2305 bibliotheca
670 2264 814 2304 claromontani
829 2263 870 2303 col-

25 2315 66 2368 legii
81 2319 127 2359 Soc.
142 2320 188 2360 lesu
203 2325 313 2372 acceptum,
328 2321 424 2361 utendum
438 2321 488 2360 mihi
502 2321 596 2374 praebuit
609 2321 640 2361 vir
655 2321 794 2368 doctissimus,
814 2320 870 2360 cuius

25 2372 162 2416 humanitatem
185 2389 293 2429 numquam
314 2390 355 2417 non
375 2378 451 2430 experti
470 2391 550 2426 sumus,
571 2379 594 2417 R.
609 2379 631 2417 P.
647 2379 732 2418 loannes
747 2377 869 2423 Harduinus,

26 2429 85 2472 eidem
103 2433 237 2474 bibliothecae
251 2434 373 2486 praefectus.
402 2434 422 2474 Is
437 2435 525 2488 optimae
540 2440 598 2474 notae
614 2435 682 2482 codex,
698 2446 758 2486 qtrum
773 2439 819 2474 ante
834 2446 869 2474 an-

26 2498 58 2526 uos
81 2495 101 2529 ut
119 2489 224 2529 minimum
241 2490 282 2530 800
305 2491 392 2543 scriptus
408 2492 443 2539 sit,
462 2497 513 2532 teste
535 2491 671 2531 eruditissimo
693 2491 738 2542 piae
760 2492 870 2531 memoriae

26 2541 45 2582 ll.
52 2544 126 2587 Ioanne
138 2546 260 2595 hlabillonio,
275 2547 347 2599 perito,
363 2548 380 2587 si
396 2548 441 2600 quis
455 2561 555 2600 umquam,
570 2548 639 2588 talium
653 2560 720 2588 rerum
736 2547 870 2595 aestimatore,

27 2602 120 2651 omnium,
140 2605 164 2643 ad
184 2616 234 2655 quos
253 2604 332 2656 priores
351 2604 450 2644 editiones
469 2605 533 2645 iactae
548 2609 603 2653 sunt,
618 2604 697 2644 uidetur
712 2604 871 2657 antiquissimus

26 2654 100 2700 llutilus
115 2666 182 2701 tamen
198 2666 238 2709 est,
254 2661 328 2701 avulsis
343 2662 397 2701 enim
410 2663 518 2714 postremis
534 2662 588 2701 toliis
602 2661 704 2713 pluribus,
721 2662 815 2702 extremis
829 2663 872 2702 sere

27 2712 91 2755 decem
106 2717 205 2770 capitibus
220 2718 334 2758 decurtatus
349 2723 416 2759 manet
429 2719 481 2759 liber
496 2719 583 2772 quintus.
613 2719 643 2758 An
658 2731 712 2767 casu,
728 2718 873 2771 animprovido

27 2770 79 2811 scioli
101 2774 211 2827 cuiuspiam
235 2775 275 2821 (cui
294 2775 346 2815 forte
365 2776 490 2828 displicuerit
504 2775 660 2816 millenariorum
679 2789 736 2816 error
751 2776 774 2816 ab
789 2777 873 2816 Irenaeo

27 2836 166 2882 propugnatus)
181 2831 224 2871 zelo
239 2831 259 2871 id
275 2832 377 2879 acciderit,
393 2833 499 2873 obscurum
515 2838 551 2872 est.
581 2833 661 2873 Certum
676 2839 707 2873 est
718 2834 817 2884 integrum
825 2833 873 2872 olim

28 2881 85 2926 fuisse
100 2889 200 2937 codicem,
217 2901 276 2940 quum
291 2901 338 2939 pars
353 2890 444 2942 vigesimi
460 2891 511 2930 sexti
525 2889 597 2941 capitis
605 2890 670 2931 adhuc
678 2890 773 2943 supersit.
802 2890 873 2931 Cetera

73 2972 195 2979 Bw-..

69 3010 85 3050 ll
97 3013 193 3046 Theodoret.
210 3013 250 3046 Iud
262 3014 274 3046 l.
293 3024 328 3056 pag.
341 3014 368 3047 33.
