<?xml version="1.0" encoding="UTF-8"?>
<!DOCTYPE html PUBLIC "-//W3C//DTD XHTML 1.0 Transitional//EN"
    "http://www.w3.org/TR/xhtml1/DTD/xhtml1-transitional.dtd">
<html xmlns="http://www.w3.org/1999/xhtml" xml:lang="en" lang="en">
 <head>
  <title>
</title>
<meta http-equiv="Content-Type" content="text/html;charset=utf-8" />
  <meta name='ocr-system' content='tesseract 3.04.00' />
  <meta name='ocr-capabilities' content='ocr_page ocr_carea ocr_par ocr_line ocrx_word'/>
</head>
<body>
  <div class='ocr_page' id='page_1' title='image "./MN41654ucmf_1_0186.png"; bbox 0 0 1936 3304; ppageno 0'>
   <div class='ocr_carea' id='block_1_1' title="bbox 77 182 673 226">
    <p class='ocr_par' dir='ltr' id='par_1_1' title="bbox 77 182 673 226">
     <span class='ocr_line' id='line_1_1' title="bbox 77 182 673 226; baseline -0.007 -2"><span class='ocrx_word' id='word_1_1' title='bbox 77 182 121 226; x_wconf 68' lang='lat' dir='ltr'>aab</span> <span class='ocrx_word' id='word_1_2' title='bbox 349 195 393 223; x_wconf 83' lang='lat' dir='ltr'>nnn.</span> <span class='ocrx_word' id='word_1_3' title='bbox 409 194 505 222; x_wconf 81' lang='grc'>,55555555</span> <span class='ocrx_word' id='word_1_4' title='bbox 520 193 650 221; x_wconf 76' lang='grc'>5555555155</span> <span class='ocrx_word' id='word_1_5' title='bbox 667 194 673 220; x_wconf 91' lang='grc'>5</span> 
     </span>
    </p>
   </div>
   <div class='ocr_carea' id='block_1_2' title="bbox 82 292 945 2793">
    <p class='ocr_par' dir='ltr' id='par_1_2' title="bbox 82 292 935 1082">
     <span class='ocr_line' id='line_1_2' title="bbox 82 292 931 346; baseline 0.001 -11"><span class='ocrx_word' id='word_1_6' title='bbox 82 296 161 335; x_wconf 81' lang='grc'>51555555</span> <span class='ocrx_word' id='word_1_7' title='bbox 149 293 245 346; x_wconf 68' lang='grc'>1555555551).</span> <span class='ocrx_word' id='word_1_8' title='bbox 275 295 346 335; x_wconf 81' lang='grc'>1555511</span> <span class='ocrx_word' id='word_1_9' title='bbox 359 294 465 342; x_wconf 84' lang='lat' dir='ltr'>Eusebius,</span> <span class='ocrx_word' id='word_1_10' title='bbox 481 294 538 346; x_wconf 89' lang='lat' dir='ltr'>quasi</span> <span class='ocrx_word' id='word_1_11' title='bbox 554 293 685 341; x_wconf 83' lang='grc'>5515555555,</span> <span class='ocrx_word' id='word_1_12' title='bbox 702 293 843 345; x_wconf 76' lang='lat' dir='ltr'>Carpocratem</span> <span class='ocrx_word' id='word_1_13' title='bbox 858 292 931 336; x_wconf 87' lang='lat' dir='ltr'>iisdem</span> 
     </span>
     <span class='ocr_line' id='line_1_3' title="bbox 82 350 931 404; baseline 0.001 -13"><span class='ocrx_word' id='word_1_14' title='bbox 82 365 127 391; x_wconf 88' lang='lat' dir='ltr'>cum</span> <span class='ocrx_word' id='word_1_15' title='bbox 142 352 204 392; x_wconf 85' lang='lat' dir='ltr'>Basili</span> <span class='ocrx_word' id='word_1_16' title='bbox 207 352 318 392; x_wconf 76' lang='lat' dir='ltr'>devixisse</span> <span class='ocrx_word' id='word_1_17' title='bbox 334 351 464 404; x_wconf 80' lang='grc'>5555551155</span> <span class='ocrx_word' id='word_1_18' title='bbox 501 351 552 398; x_wconf 77' lang='lat' dir='ltr'>Quat</span> <span class='ocrx_word' id='word_1_19' title='bbox 552 351 596 390; x_wconf 89' lang='lat' dir='ltr'>nvis</span> <span class='ocrx_word' id='word_1_20' title='bbox 616 350 668 402; x_wconf 88' lang='lat' dir='ltr'>apud</span> <span class='ocrx_word' id='word_1_21' title='bbox 687 350 792 390; x_wconf 88' lang='lat' dir='ltr'>Irenaeum</span> <span class='ocrx_word' id='word_1_22' title='bbox 810 362 835 390; x_wconf 91' lang='lat' dir='ltr'>ne</span> <span class='ocrx_word' id='word_1_23' title='bbox 849 350 931 393; x_wconf 86' lang='lat' dir='ltr'>verbum</span> 
     </span>
     <span class='ocr_line' id='line_1_4' title="bbox 82 406 931 461; baseline 0 -13"><span class='ocrx_word' id='word_1_24' title='bbox 82 409 164 460; x_wconf 87' lang='lat' dir='ltr'>quidem</span> <span class='ocrx_word' id='word_1_25' title='bbox 179 408 398 461; x_wconf 85' lang='lat' dir='ltr'>deCarpoeratisa</span> <span class='ocrx_word' id='word_1_26' title='bbox 354 413 418 449; x_wconf 86' lang='lat' dir='ltr'>aetate</span> <span class='ocrx_word' id='word_1_27' title='bbox 434 413 532 456; x_wconf 75' lang='lat' dir='ltr'>econtra,</span> <span class='ocrx_word' id='word_1_28' title='bbox 547 420 589 448; x_wconf 90' lang='lat' dir='ltr'>non</span> <span class='ocrx_word' id='word_1_29' title='bbox 603 406 672 447; x_wconf 90' lang='lat' dir='ltr'>ideot</span> <span class='ocrx_word' id='word_1_30' title='bbox 664 411 732 447; x_wconf 91' lang='lat' dir='ltr'>tamen</span> <span class='ocrx_word' id='word_1_31' title='bbox 746 407 798 449; x_wconf 90' lang='lat' dir='ltr'>male</span> <span class='ocrx_word' id='word_1_32' title='bbox 811 406 931 448; x_wconf 70' lang='lat' dir='ltr'>abEusebre</span> 
     </span>
     <span class='ocr_line' id='line_1_5' title="bbox 83 464 931 528; baseline -0.001 -23"><span class='ocrx_word' id='word_1_33' title='bbox 83 466 213 506; x_wconf 81' lang='lat' dir='ltr'>constitutam</span> <span class='ocrx_word' id='word_1_34' title='bbox 229 466 345 507; x_wconf 74' lang='lat' dir='ltr'>existimem.</span> <span class='ocrx_word' id='word_1_35' title='bbox 376 465 424 505; x_wconf 89' lang='lat' dir='ltr'>Cum</span> <span class='ocrx_word' id='word_1_36' title='bbox 443 465 483 504; x_wconf 89' lang='lat' dir='ltr'>lroc</span> <span class='ocrx_word' id='word_1_37' title='bbox 502 466 556 505; x_wconf 87' lang='lat' dir='ltr'>enim</span> <span class='ocrx_word' id='word_1_38' title='bbox 568 464 665 528; x_wconf 84' lang='grc'>5555555555</span> <span class='ocrx_word' id='word_1_39' title='bbox 684 464 776 504; x_wconf 89' lang='lat' dir='ltr'>consenti</span> <span class='ocrx_word' id='word_1_40' title='bbox 778 464 931 516; x_wconf 84' lang='lat' dir='ltr'>tEpiplranius,</span> 
     </span>
     <span class='ocr_line' id='line_1_6' title="bbox 83 519 932 575; baseline -0.002 -13"><span class='ocrx_word' id='word_1_41' title='bbox 83 536 121 563; x_wconf 93' lang='lat' dir='ltr'>nec</span> <span class='ocrx_word' id='word_1_42' title='bbox 135 528 233 575; x_wconf 85' lang='lat' dir='ltr'>repugnat</span> <span class='ocrx_word' id='word_1_43' title='bbox 241 519 359 562; x_wconf 83' lang='lat' dir='ltr'>Tl1eedo1e</span> <span class='ocrx_word' id='word_1_44' title='bbox 348 528 386 568; x_wconf 89' lang='lat' dir='ltr'>tus,</span> <span class='ocrx_word' id='word_1_45' title='bbox 402 522 444 562; x_wconf 91' lang='lat' dir='ltr'>sub</span> <span class='ocrx_word' id='word_1_46' title='bbox 451 522 565 562; x_wconf 77' lang='lat' dir='ltr'>Adriano</span> <span class='ocrx_word' id='word_1_47' title='bbox 554 522 628 562; x_wconf 82' lang='lat' dir='ltr'>vixisse</span> <span class='ocrx_word' id='word_1_48' title='bbox 643 519 741 560; x_wconf 86' lang='lat' dir='ltr'>scribens</span> <span class='ocrx_word' id='word_1_49' title='bbox 771 520 832 560; x_wconf 89' lang='grc'>1115</span> <span class='ocrx_word' id='word_1_50' title='bbox 820 533 868 560; x_wconf 87' lang='grc'>5555</span> <span class='ocrx_word' id='word_1_51' title='bbox 879 533 889 559; x_wconf 87' lang='grc'>5</span> <span class='ocrx_word' id='word_1_52' title='bbox 891 521 932 561; x_wconf 84' lang='grc'>5555-</span> 
     </span>
     <span class='ocr_line' id='line_1_7' title="bbox 83 573 932 626; baseline -0.002 -8"><span class='ocrx_word' id='word_1_53' title='bbox 83 585 125 620; x_wconf 85' lang='lat' dir='ltr'>mat</span> <span class='ocrx_word' id='word_1_54' title='bbox 138 580 238 626; x_wconf 87' lang='lat' dir='ltr'>Basilidis,</span> <span class='ocrx_word' id='word_1_55' title='bbox 254 573 482 626; x_wconf 62' lang='lat' dir='ltr'>Saturnini,Valentini,</span> <span class='ocrx_word' id='word_1_56' title='bbox 499 578 609 626; x_wconf 83' lang='lat' dir='ltr'>Colorbasi,</span> <span class='ocrx_word' id='word_1_57' title='bbox 623 577 739 625; x_wconf 76' lang='lat' dir='ltr'>Ptolemaei,</span> <span class='ocrx_word' id='word_1_58' title='bbox 755 577 843 617; x_wconf 75' lang='lat' dir='ltr'>Secundi</span> <span class='ocrx_word' id='word_1_59' title='bbox 858 578 932 617; x_wconf 72' lang='grc'>55055-</span> 
     </span>
     <span class='ocr_line' id='line_1_8' title="bbox 83 633 933 689; baseline -0.002 -14"><span class='ocrx_word' id='word_1_60' title='bbox 83 638 173 689; x_wconf 88' lang='lat' dir='ltr'>poeratis</span> <span class='ocrx_word' id='word_1_61' title='bbox 191 642 257 676; x_wconf 87' lang='lat' dir='ltr'>sectas</span> <span class='ocrx_word' id='word_1_62' title='bbox 276 635 459 688; x_wconf 79' lang='grc'>555155551555555555</span> <span class='ocrx_word' id='word_1_63' title='bbox 474 636 586 689; x_wconf 64' lang='lat' dir='ltr'>prodiisse,</span> <span class='ocrx_word' id='word_1_64' title='bbox 605 640 691 683; x_wconf 80' lang='lat' dir='ltr'>tantum,</span> <span class='ocrx_word' id='word_1_65' title='bbox 711 634 870 675; x_wconf 78' lang='lat' dir='ltr'>Valentinianum</span> <span class='ocrx_word' id='word_1_66' title='bbox 888 633 933 674; x_wconf 88' lang='lat' dir='ltr'>aliis</span> 
     </span>
     <span class='ocr_line' id='line_1_9' title="bbox 83 691 933 746; baseline -0.005 -12"><span class='ocrx_word' id='word_1_67' title='bbox 83 694 151 746; x_wconf 92' lang='lat' dir='ltr'>paullo</span> <span class='ocrx_word' id='word_1_68' title='bbox 167 693 299 733; x_wconf 76' lang='lat' dir='ltr'>recentiorem</span> <span class='ocrx_word' id='word_1_69' title='bbox 314 705 366 733; x_wconf 81' lang='lat' dir='ltr'>esse.</span> <span class='ocrx_word' id='word_1_70' title='bbox 395 693 456 745; x_wconf 77' lang='grc'>11155555</span> <span class='ocrx_word' id='word_1_71' title='bbox 470 693 580 733; x_wconf 86' lang='lat' dir='ltr'>Basilidem</span> <span class='ocrx_word' id='word_1_72' title='bbox 598 692 668 732; x_wconf 89' lang='lat' dir='ltr'>Ioanni</span> <span class='ocrx_word' id='word_1_73' title='bbox 689 692 760 732; x_wconf 89' lang='lat' dir='ltr'>saltem</span> <span class='ocrx_word' id='word_1_74' title='bbox 779 691 871 743; x_wconf 89' lang='lat' dir='ltr'>apostolo</span> <span class='ocrx_word' id='word_1_75' title='bbox 887 704 933 743; x_wconf 88' lang='lat' dir='ltr'>sup-</span> 
     </span>
     <span class='ocr_line' id='line_1_10' title="bbox 83 747 935 803; baseline -0.004 -13"><span class='ocrx_word' id='word_1_76' title='bbox 83 763 162 803; x_wconf 83' lang='lat' dir='ltr'>parem,</span> <span class='ocrx_word' id='word_1_77' title='bbox 181 762 219 789; x_wconf 89' lang='lat' dir='ltr'>nec</span> <span class='ocrx_word' id='word_1_78' title='bbox 237 749 363 795; x_wconf 77' lang='lat' dir='ltr'>Valentinum</span> <span class='ocrx_word' id='word_1_79' title='bbox 382 750 443 789; x_wconf 89' lang='lat' dir='ltr'>multo</span> <span class='ocrx_word' id='word_1_80' title='bbox 462 749 562 790; x_wconf 90' lang='lat' dir='ltr'>iuniorem</span> <span class='ocrx_word' id='word_1_81' title='bbox 582 749 644 789; x_wconf 86' lang='lat' dir='ltr'>fuisse</span> <span class='ocrx_word' id='word_1_82' title='bbox 663 748 798 801; x_wconf 87' lang='lat' dir='ltr'>probavimus.</span> <span class='ocrx_word' id='word_1_83' title='bbox 833 747 855 787; x_wconf 88' lang='lat' dir='ltr'>Si</span> <span class='ocrx_word' id='word_1_84' title='bbox 874 747 935 799; x_wconf 89' lang='lat' dir='ltr'>igitur</span> 
     </span>
     <span class='ocr_line' id='line_1_11' title="bbox 84 804 934 859; baseline -0.004 -12"><span class='ocrx_word' id='word_1_85' title='bbox 84 808 158 848; x_wconf 90' lang='lat' dir='ltr'>iisdem</span> <span class='ocrx_word' id='word_1_86' title='bbox 173 819 217 846; x_wconf 89' lang='lat' dir='ltr'>eum</span> <span class='ocrx_word' id='word_1_87' title='bbox 231 813 317 858; x_wconf 89' lang='lat' dir='ltr'>utroque</span> <span class='ocrx_word' id='word_1_88' title='bbox 332 806 458 859; x_wconf 75' lang='lat' dir='ltr'>temporibus</span> <span class='ocrx_word' id='word_1_89' title='bbox 473 806 563 846; x_wconf 88' lang='lat' dir='ltr'>scholam</span> <span class='ocrx_word' id='word_1_90' title='bbox 577 805 688 846; x_wconf 85' lang='lat' dir='ltr'>instituerit</span> <span class='ocrx_word' id='word_1_91' title='bbox 700 806 836 858; x_wconf 77' lang='lat' dir='ltr'>Carpocrates,</span> <span class='ocrx_word' id='word_1_92' title='bbox 852 804 934 844; x_wconf 85' lang='lat' dir='ltr'>Adriani</span> 
     </span>
     <span class='ocr_line' id='line_1_12' title="bbox 85 862 935 915; baseline -0.005 -11"><span class='ocrx_word' id='word_1_93' title='bbox 85 864 149 904; x_wconf 81' lang='lat' dir='ltr'>initiis</span> <span class='ocrx_word' id='word_1_94' title='bbox 164 863 235 904; x_wconf 79' lang='lat' dir='ltr'>lecerit</span> <span class='ocrx_word' id='word_1_95' title='bbox 249 875 334 903; x_wconf 88' lang='lat' dir='ltr'>necesse</span> <span class='ocrx_word' id='word_1_96' title='bbox 349 868 386 903; x_wconf 87' lang='grc'>555.</span> <span class='ocrx_word' id='word_1_97' title='bbox 422 863 492 915; x_wconf 85' lang='lat' dir='ltr'>Longe</span> <span class='ocrx_word' id='word_1_98' title='bbox 508 862 567 903; x_wconf 87' lang='lat' dir='ltr'>eitius</span> <span class='ocrx_word' id='word_1_99' title='bbox 582 863 667 915; x_wconf 89' lang='lat' dir='ltr'>preinde</span> <span class='ocrx_word' id='word_1_100' title='bbox 682 863 703 903; x_wconf 92' lang='lat' dir='ltr'>in</span> <span class='ocrx_word' id='word_1_101' title='bbox 719 862 818 910; x_wconf 76' lang='lat' dir='ltr'>Orientis,</span> <span class='ocrx_word' id='word_1_102' title='bbox 840 874 900 913; x_wconf 90' lang='lat' dir='ltr'>qnam</span> <span class='ocrx_word' id='word_1_103' title='bbox 914 862 935 901; x_wconf 88' lang='lat' dir='ltr'>in</span> 
     </span>
     <span class='ocr_line' id='line_1_13' title="bbox 86 918 935 972; baseline -0.004 -11"><span class='ocrx_word' id='word_1_104' title='bbox 86 920 201 961; x_wconf 84' lang='lat' dir='ltr'>Occidentis</span> <span class='ocrx_word' id='word_1_105' title='bbox 215 920 307 972; x_wconf 89' lang='lat' dir='ltr'>partibus</span> <span class='ocrx_word' id='word_1_106' title='bbox 321 920 409 959; x_wconf 89' lang='lat' dir='ltr'>innotuit</span> <span class='ocrx_word' id='word_1_107' title='bbox 424 920 468 960; x_wconf 89' lang='lat' dir='ltr'>eius</span> <span class='ocrx_word' id='word_1_108' title='bbox 483 920 584 960; x_wconf 85' lang='lat' dir='ltr'>haeresis:</span> <span class='ocrx_word' id='word_1_109' title='bbox 600 932 644 960; x_wconf 88' lang='lat' dir='ltr'>eam</span> <span class='ocrx_word' id='word_1_110' title='bbox 660 920 735 972; x_wconf 87' lang='lat' dir='ltr'>quippe</span> <span class='ocrx_word' id='word_1_111' title='bbox 749 920 789 959; x_wconf 86' lang='lat' dir='ltr'>lruc</span> <span class='ocrx_word' id='word_1_112' title='bbox 804 918 875 959; x_wconf 91' lang='lat' dir='ltr'>detulit</span> <span class='ocrx_word' id='word_1_113' title='bbox 883 918 935 958; x_wconf 84' lang='lat' dir='ltr'>blar-</span> 
     </span>
     <span class='ocr_line' id='line_1_14' title="bbox 85 974 934 1029; baseline -0.004 -12"><span class='ocrx_word' id='word_1_114' title='bbox 85 977 156 1019; x_wconf 88' lang='lat' dir='ltr'>cellina</span> <span class='ocrx_word' id='word_1_115' title='bbox 172 978 275 1029; x_wconf 87' lang='lat' dir='ltr'>quaedam,</span> <span class='ocrx_word' id='word_1_116' title='bbox 291 990 342 1029; x_wconf 86' lang='lat' dir='ltr'>quae</span> <span class='ocrx_word' id='word_1_117' title='bbox 357 978 447 1025; x_wconf 84' lang='lat' dir='ltr'>Romam,</span> <span class='ocrx_word' id='word_1_118' title='bbox 462 978 545 1017; x_wconf 84' lang='lat' dir='ltr'>Irenaeo</span> <span class='ocrx_word' id='word_1_119' title='bbox 561 982 611 1018; x_wconf 88' lang='lat' dir='ltr'>teste</span> <span class='ocrx_word' id='word_1_120' title='bbox 618 974 641 1028; x_wconf 54' lang='grc'>1),</span> <span class='ocrx_word' id='word_1_121' title='bbox 656 977 711 1017; x_wconf 89' lang='lat' dir='ltr'>venit</span> <span class='ocrx_word' id='word_1_122' title='bbox 725 977 762 1017; x_wconf 91' lang='lat' dir='ltr'>sub</span> <span class='ocrx_word' id='word_1_123' title='bbox 769 976 852 1017; x_wconf 83' lang='lat' dir='ltr'>Aniceto</span> <span class='ocrx_word' id='word_1_124' title='bbox 867 975 934 1028; x_wconf 83' lang='lat' dir='ltr'>ponti-</span> 
     </span>
     <span class='ocr_line' id='line_1_15' title="bbox 84 1033 355 1082; baseline -0.004 -8"><span class='ocrx_word' id='word_1_125' title='bbox 84 1036 128 1082; x_wconf 86' lang='lat' dir='ltr'>fice,</span> <span class='ocrx_word' id='word_1_126' title='bbox 144 1047 196 1074; x_wconf 90' lang='lat' dir='ltr'>anno</span> <span class='ocrx_word' id='word_1_127' title='bbox 212 1034 293 1073; x_wconf 86' lang='lat' dir='ltr'>circiter</span> <span class='ocrx_word' id='word_1_128' title='bbox 308 1033 355 1074; x_wconf 85' lang='grc'>160.</span> 
     </span>
    </p>

    <p class='ocr_par' dir='ltr' id='par_1_3' title="bbox 84 1089 945 2792">
     <span class='ocr_line' id='line_1_16' title="bbox 142 1089 936 1143; baseline -0.003 -12"><span class='ocrx_word' id='word_1_129' title='bbox 142 1090 189 1131; x_wconf 69' lang='lat' dir='ltr'>lau.</span> <span class='ocrx_word' id='word_1_130' title='bbox 211 1091 327 1131; x_wconf 75' lang='lat' dir='ltr'>Platonicae</span> <span class='ocrx_word' id='word_1_131' title='bbox 345 1090 465 1143; x_wconf 88' lang='lat' dir='ltr'>disciplinae</span> <span class='ocrx_word' id='word_1_132' title='bbox 480 1090 637 1131; x_wconf 86' lang='lat' dir='ltr'>scientissimum</span> <span class='ocrx_word' id='word_1_133' title='bbox 656 1090 719 1130; x_wconf 82' lang='lat' dir='ltr'>fuisse</span> <span class='ocrx_word' id='word_1_134' title='bbox 735 1090 885 1142; x_wconf 78' lang='lat' dir='ltr'>Carpocratem,</span> <span class='ocrx_word' id='word_1_135' title='bbox 904 1089 936 1129; x_wconf 90' lang='lat' dir='ltr'>vel</span> 
     </span>
     <span class='ocr_line' id='line_1_17' title="bbox 85 1146 936 1200; baseline -0.004 -11"><span class='ocrx_word' id='word_1_136' title='bbox 85 1161 110 1189; x_wconf 82' lang='lat' dir='ltr'>en</span> <span class='ocrx_word' id='word_1_137' title='bbox 125 1160 148 1188; x_wconf 87' lang='lat' dir='ltr'>eo</span> <span class='ocrx_word' id='word_1_138' title='bbox 163 1148 233 1200; x_wconf 87' lang='lat' dir='ltr'>lique,</span> <span class='ocrx_word' id='word_1_139' title='bbox 250 1148 303 1200; x_wconf 91' lang='lat' dir='ltr'>quod</span> <span class='ocrx_word' id='word_1_140' title='bbox 318 1148 398 1200; x_wconf 74' lang='grc'>[51555115</span> <span class='ocrx_word' id='word_1_141' title='bbox 401 1147 480 1200; x_wconf 83' lang='grc'>5551555555</span> <span class='ocrx_word' id='word_1_142' title='bbox 496 1147 520 1188; x_wconf 89' lang='lat' dir='ltr'>ab</span> <span class='ocrx_word' id='word_1_143' title='bbox 535 1147 570 1187; x_wconf 93' lang='lat' dir='ltr'>illo</span> <span class='ocrx_word' id='word_1_144' title='bbox 585 1146 673 1187; x_wconf 88' lang='lat' dir='ltr'>instituti</span> <span class='ocrx_word' id='word_1_145' title='bbox 687 1158 782 1198; x_wconf 89' lang='lat' dir='ltr'>magnum</span> <span class='ocrx_word' id='word_1_146' title='bbox 796 1159 871 1187; x_wconf 86' lang='lat' dir='ltr'>nomen</span> <span class='ocrx_word' id='word_1_147' title='bbox 884 1146 936 1186; x_wconf 90' lang='lat' dir='ltr'>inter</span> 
     </span>
     <span class='ocr_line' id='line_1_18' title="bbox 84 1204 936 1267; baseline -0.001 -23"><span class='ocrx_word' id='word_1_148' title='bbox 84 1205 201 1245; x_wconf 85' lang='lat' dir='ltr'>Platonicos</span> <span class='ocrx_word' id='word_1_149' title='bbox 222 1205 288 1244; x_wconf 84' lang='lat' dir='ltr'>luerit.</span> <span class='ocrx_word' id='word_1_150' title='bbox 325 1205 366 1245; x_wconf 85' lang='lat' dir='ltr'>Sed</span> <span class='ocrx_word' id='word_1_151' title='bbox 387 1205 405 1244; x_wconf 88' lang='lat' dir='ltr'>si</span> <span class='ocrx_word' id='word_1_152' title='bbox 427 1205 478 1245; x_wconf 82' lang='lat' dir='ltr'>forte</span> <span class='ocrx_word' id='word_1_153' title='bbox 458 1205 565 1267; x_wconf 84' lang='lat' dir='ltr'>tplures</span> <span class='ocrx_word' id='word_1_154' title='bbox 583 1204 735 1245; x_wconf 86' lang='lat' dir='ltr'>haeresiarchas</span> <span class='ocrx_word' id='word_1_155' title='bbox 754 1203 851 1244; x_wconf 85' lang='lat' dir='ltr'>scientiae</span> <span class='ocrx_word' id='word_1_156' title='bbox 870 1204 936 1250; x_wconf 89' lang='lat' dir='ltr'>laude,</span> 
     </span>
     <span class='ocr_line' id='line_1_19' title="bbox 86 1258 937 1325; baseline -0.002 -24"><span class='ocrx_word' id='word_1_157' title='bbox 86 1275 156 1302; x_wconf 89' lang='lat' dir='ltr'>omnes</span> <span class='ocrx_word' id='word_1_158' title='bbox 179 1266 233 1302; x_wconf 89' lang='lat' dir='ltr'>certe</span> <span class='ocrx_word' id='word_1_159' title='bbox 254 1274 333 1302; x_wconf 91' lang='lat' dir='ltr'>morum</span> <span class='ocrx_word' id='word_1_160' title='bbox 355 1262 452 1314; x_wconf 83' lang='lat' dir='ltr'>pravitate</span> <span class='ocrx_word' id='word_1_161' title='bbox 474 1261 575 1325; x_wconf 75' lang='lat' dir='ltr'>superarit</span> <span class='ocrx_word' id='word_1_162' title='bbox 580 1258 604 1312; x_wconf 98' lang='grc'>3.)</span> <span class='ocrx_word' id='word_1_163' title='bbox 638 1261 757 1325; x_wconf 84' lang='lat' dir='ltr'>Supremum</span> <span class='ocrx_word' id='word_1_164' title='bbox 776 1261 857 1314; x_wconf 91' lang='lat' dir='ltr'>quidem</span> <span class='ocrx_word' id='word_1_165' title='bbox 874 1272 937 1300; x_wconf 90' lang='lat' dir='ltr'>unum</span> 
     </span>
     <span class='ocr_line' id='line_1_20' title="bbox 86 1318 937 1371; baseline -0.002 -13"><span class='ocrx_word' id='word_1_166' title='bbox 86 1319 215 1371; x_wconf 91' lang='lat' dir='ltr'>principium,</span> <span class='ocrx_word' id='word_1_167' title='bbox 232 1323 291 1371; x_wconf 92' lang='lat' dir='ltr'>aque</span> <span class='ocrx_word' id='word_1_168' title='bbox 307 1320 367 1359; x_wconf 88' lang='lat' dir='ltr'>etiam</span> <span class='ocrx_word' id='word_1_169' title='bbox 381 1319 456 1359; x_wconf 87' lang='lat' dir='ltr'>Parent</span> <span class='ocrx_word' id='word_1_170' title='bbox 448 1324 489 1358; x_wconf 80' lang='lat' dir='ltr'>tent</span> <span class='ocrx_word' id='word_1_171' title='bbox 504 1318 593 1358; x_wconf 88' lang='lat' dir='ltr'>omnium</span> <span class='ocrx_word' id='word_1_172' title='bbox 609 1322 629 1358; x_wconf 90' lang='lat' dir='ltr'>et</span> <span class='ocrx_word' id='word_1_173' title='bbox 642 1318 723 1370; x_wconf 86' lang='lat' dir='ltr'>ineogni</span> <span class='ocrx_word' id='word_1_174' title='bbox 726 1323 777 1367; x_wconf 89' lang='lat' dir='ltr'>t,um</span> <span class='ocrx_word' id='word_1_175' title='bbox 792 1331 830 1359; x_wconf 91' lang='lat' dir='ltr'>nec</span> <span class='ocrx_word' id='word_1_176' title='bbox 844 1318 885 1357; x_wconf 89' lang='lat' dir='ltr'>ullo</span> <span class='ocrx_word' id='word_1_177' title='bbox 900 1329 937 1357; x_wconf 90' lang='lat' dir='ltr'>ne-</span> 
     </span>
     <span class='ocr_line' id='line_1_21' title="bbox 86 1375 937 1439; baseline -0.001 -24"><span class='ocrx_word' id='word_1_178' title='bbox 86 1376 140 1415; x_wconf 86' lang='lat' dir='ltr'>mine</span> <span class='ocrx_word' id='word_1_179' title='bbox 156 1375 296 1439; x_wconf 77' lang='lat' dir='ltr'>significatum,</span> <span class='ocrx_word' id='word_1_180' title='bbox 311 1376 396 1428; x_wconf 90' lang='lat' dir='ltr'>perinde</span> <span class='ocrx_word' id='word_1_181' title='bbox 410 1380 433 1415; x_wconf 88' lang='lat' dir='ltr'>ut</span> <span class='ocrx_word' id='word_1_182' title='bbox 448 1375 516 1422; x_wconf 86' lang='lat' dir='ltr'>ceteri,</span> <span class='ocrx_word' id='word_1_183' title='bbox 532 1375 654 1415; x_wconf 84' lang='lat' dir='ltr'>affirmabat:</span> <span class='ocrx_word' id='word_1_184' title='bbox 670 1376 766 1415; x_wconf 89' lang='lat' dir='ltr'>mnndum</span> <span class='ocrx_word' id='word_1_185' title='bbox 781 1388 835 1424; x_wconf 89' lang='lat' dir='ltr'>vero,</span> <span class='ocrx_word' id='word_1_186' title='bbox 852 1380 937 1428; x_wconf 80' lang='lat' dir='ltr'>atquae</span> 
     </span>
     <span class='ocr_line' id='line_1_22' title="bbox 85 1431 937 1484; baseline -0.002 -12"><span class='ocrx_word' id='word_1_187' title='bbox 85 1433 159 1472; x_wconf 88' lang='lat' dir='ltr'>munde</span> <span class='ocrx_word' id='word_1_188' title='bbox 176 1432 243 1472; x_wconf 81' lang='lat' dir='ltr'>contrin</span> <span class='ocrx_word' id='word_1_189' title='bbox 246 1438 279 1472; x_wconf 89' lang='lat' dir='ltr'>ent</span> <span class='ocrx_word' id='word_1_190' title='bbox 280 1433 349 1479; x_wconf 75' lang='lat' dir='ltr'>innah</span> <span class='ocrx_word' id='word_1_191' title='bbox 365 1432 442 1483; x_wconf 87' lang='lat' dir='ltr'>angelis</span> <span class='ocrx_word' id='word_1_192' title='bbox 458 1445 502 1472; x_wconf 90' lang='lat' dir='ltr'>esse</span> <span class='ocrx_word' id='word_1_193' title='bbox 516 1432 574 1480; x_wconf 81' lang='lat' dir='ltr'>tacta,</span> <span class='ocrx_word' id='word_1_194' title='bbox 590 1444 625 1484; x_wconf 87' lang='lat' dir='ltr'>qur</span> <span class='ocrx_word' id='word_1_195' title='bbox 632 1432 735 1483; x_wconf 79' lang='lat' dir='ltr'>1ne00n1te</span> <span class='ocrx_word' id='word_1_196' title='bbox 743 1432 777 1472; x_wconf 92' lang='lat' dir='ltr'>illo</span> <span class='ocrx_word' id='word_1_197' title='bbox 785 1432 858 1472; x_wconf 90' lang='lat' dir='ltr'>Parent</span> <span class='ocrx_word' id='word_1_198' title='bbox 858 1431 937 1482; x_wconf 79' lang='lat' dir='ltr'>alonge</span> 
     </span>
     <span class='ocr_line' id='line_1_23' title="bbox 85 1488 937 1541; baseline -0.001 -12"><span class='ocrx_word' id='word_1_199' title='bbox 85 1489 203 1530; x_wconf 80' lang='lat' dir='ltr'>interiment</span> <span class='ocrx_word' id='word_1_200' title='bbox 218 1489 322 1540; x_wconf 78' lang='lat' dir='ltr'>dignitattrtis</span> <span class='ocrx_word' id='word_1_201' title='bbox 337 1490 420 1540; x_wconf 87' lang='lat' dir='ltr'>gradum</span> <span class='ocrx_word' id='word_1_202' title='bbox 433 1494 548 1537; x_wconf 72' lang='lat' dir='ltr'>teneante</span> <span class='ocrx_word' id='word_1_203' title='bbox 550 1488 596 1529; x_wconf 89' lang='lat' dir='ltr'>tab</span> <span class='ocrx_word' id='word_1_204' title='bbox 613 1502 636 1528; x_wconf 90' lang='lat' dir='ltr'>eo</span> <span class='ocrx_word' id='word_1_205' title='bbox 652 1489 769 1530; x_wconf 83' lang='lat' dir='ltr'>defecerint.</span> <span class='ocrx_word' id='word_1_206' title='bbox 755 1489 937 1541; x_wconf 87' lang='lat' dir='ltr'>tlesumperre</span> 
     </span>
     <span class='ocr_line' id='line_1_24' title="bbox 85 1545 938 1598; baseline -0.002 -12"><span class='ocrx_word' id='word_1_207' title='bbox 85 1547 193 1586; x_wconf 78' lang='lat' dir='ltr'>[lentinum</span> <span class='ocrx_word' id='word_1_208' title='bbox 207 1551 299 1586; x_wconf 85' lang='lat' dir='ltr'>nestrum</span> <span class='ocrx_word' id='word_1_209' title='bbox 315 1547 408 1598; x_wconf 87' lang='grc'>51555515</span> <span class='ocrx_word' id='word_1_210' title='bbox 424 1546 497 1586; x_wconf 86' lang='grc'>511155</span> <span class='ocrx_word' id='word_1_211' title='bbox 493 1559 523 1586; x_wconf 86' lang='grc'>555</span> <span class='ocrx_word' id='word_1_212' title='bbox 539 1545 642 1586; x_wconf 85' lang='grc'>5515555555</span> <span class='ocrx_word' id='word_1_213' title='bbox 650 1550 706 1596; x_wconf 72' lang='lat' dir='ltr'>U¹em</span> <span class='ocrx_word' id='word_1_214' title='bbox 706 1559 746 1593; x_wconf 90' lang='lat' dir='ltr'>um,</span> <span class='ocrx_word' id='word_1_215' title='bbox 762 1546 848 1586; x_wconf 88' lang='lat' dir='ltr'>similem</span> <span class='ocrx_word' id='word_1_216' title='bbox 857 1545 938 1598; x_wconf 89' lang='lat' dir='ltr'>quidem</span> 
     </span>
     <span class='ocr_line' id='line_1_25' title="bbox 87 1602 937 1657; baseline -0.001 -15"><span class='ocrx_word' id='word_1_217' title='bbox 87 1610 159 1650; x_wconf 86' lang='lat' dir='ltr'>natura</span> <span class='ocrx_word' id='word_1_218' title='bbox 173 1603 257 1657; x_wconf 88' lang='lat' dir='ltr'>reliquis</span> <span class='ocrx_word' id='word_1_219' title='bbox 272 1603 388 1643; x_wconf 84' lang='lat' dir='ltr'>hominibus</span> <span class='ocrx_word' id='word_1_220' title='bbox 403 1602 582 1652; x_wconf 78' lang='lat' dir='ltr'>enstitisse31itae</span> <span class='ocrx_word' id='word_1_221' title='bbox 597 1607 663 1644; x_wconf 87' lang='lat' dir='ltr'>autem</span> <span class='ocrx_word' id='word_1_222' title='bbox 677 1602 780 1652; x_wconf 88' lang='lat' dir='ltr'>institute,</span> <span class='ocrx_word' id='word_1_223' title='bbox 799 1602 937 1655; x_wconf 89' lang='lat' dir='ltr'>temperantia,</span> 
     </span>
     <span class='ocr_line' id='line_1_26' title="bbox 87 1659 939 1713; baseline -0.001 -14"><span class='ocrx_word' id='word_1_224' title='bbox 87 1660 161 1700; x_wconf 83' lang='lat' dir='ltr'>virtute</span> <span class='ocrx_word' id='word_1_225' title='bbox 180 1673 203 1700; x_wconf 87' lang='lat' dir='ltr'>ae</span> <span class='ocrx_word' id='word_1_226' title='bbox 222 1659 299 1700; x_wconf 87' lang='lat' dir='ltr'>iustitia</span> <span class='ocrx_word' id='word_1_227' title='bbox 316 1660 449 1713; x_wconf 85' lang='lat' dir='ltr'>praestitisse.</span> <span class='ocrx_word' id='word_1_228' title='bbox 482 1660 560 1712; x_wconf 85' lang='lat' dir='ltr'>Nempe</span> <span class='ocrx_word' id='word_1_229' title='bbox 575 1672 636 1711; x_wconf 77' lang='lat' dir='ltr'>cpmm</span> <span class='ocrx_word' id='word_1_230' title='bbox 654 1660 764 1701; x_wconf 86' lang='lat' dir='ltr'>firmiorem</span> <span class='ocrx_word' id='word_1_231' title='bbox 776 1659 939 1711; x_wconf 81' lang='lat' dir='ltr'>vegetioremque</span> 
     </span>
     <span class='ocr_line' id='line_1_27' title="bbox 88 1716 939 1769; baseline -0.001 -13"><span class='ocrx_word' id='word_1_232' title='bbox 88 1729 148 1769; x_wconf 87' lang='lat' dir='ltr'>quam</span> <span class='ocrx_word' id='word_1_233' title='bbox 163 1716 197 1756; x_wconf 88' lang='lat' dir='ltr'>alii</span> <span class='ocrx_word' id='word_1_234' title='bbox 211 1716 305 1756; x_wconf 85' lang='lat' dir='ltr'>homines</span> <span class='ocrx_word' id='word_1_235' title='bbox 320 1717 407 1756; x_wconf 87' lang='lat' dir='ltr'>animam</span> <span class='ocrx_word' id='word_1_236' title='bbox 421 1716 504 1756; x_wconf 84' lang='lat' dir='ltr'>sortitus</span> <span class='ocrx_word' id='word_1_237' title='bbox 520 1724 579 1764; x_wconf 84' lang='lat' dir='ltr'>esset,</span> <span class='ocrx_word' id='word_1_238' title='bbox 594 1717 686 1756; x_wconf 86' lang='lat' dir='ltr'>tenacius</span> <span class='ocrx_word' id='word_1_239' title='bbox 702 1717 719 1756; x_wconf 88' lang='lat' dir='ltr'>ei</span> <span class='ocrx_word' id='word_1_240' title='bbox 727 1717 847 1757; x_wconf 89' lang='lat' dir='ltr'>adhaerente</span> <span class='ocrx_word' id='word_1_241' title='bbox 853 1716 939 1769; x_wconf 89' lang='lat' dir='ltr'>pristina</span> 
     </span>
     <span class='ocr_line' id='line_1_28' title="bbox 88 1772 939 1828; baseline -0.002 -15"><span class='ocrx_word' id='word_1_242' title='bbox 88 1786 134 1813; x_wconf 88' lang='lat' dir='ltr'>cum</span> <span class='ocrx_word' id='word_1_243' title='bbox 149 1773 289 1824; x_wconf 87' lang='lat' dir='ltr'>ingenitoDeo</span> <span class='ocrx_word' id='word_1_244' title='bbox 305 1774 425 1828; x_wconf 72' lang='lat' dir='ltr'>mapcqaepe‘i,</span> <span class='ocrx_word' id='word_1_245' title='bbox 442 1773 597 1819; x_wconf 79' lang='lat' dir='ltr'>circumlatione,</span> <span class='ocrx_word' id='word_1_246' title='bbox 613 1773 703 1813; x_wconf 89' lang='lat' dir='ltr'>immissa</span> <span class='ocrx_word' id='word_1_247' title='bbox 718 1773 739 1813; x_wconf 90' lang='lat' dir='ltr'>in</span> <span class='ocrx_word' id='word_1_248' title='bbox 754 1785 798 1813; x_wconf 88' lang='lat' dir='ltr'>eam</span> <span class='ocrx_word' id='word_1_249' title='bbox 812 1772 851 1813; x_wconf 85' lang='grc'>55555</span> <span class='ocrx_word' id='word_1_250' title='bbox 865 1772 889 1812; x_wconf 88' lang='lat' dir='ltr'>ab</span> <span class='ocrx_word' id='word_1_251' title='bbox 905 1784 939 1812; x_wconf 93' lang='grc'>55-</span> 
     </span>
     <span class='ocr_line' id='line_1_29' title="bbox 88 1829 939 1882; baseline -0.001 -12"><span class='ocrx_word' id='word_1_252' title='bbox 88 1831 134 1870; x_wconf 84' lang='lat' dir='ltr'>dem</span> <span class='ocrx_word' id='word_1_253' title='bbox 150 1842 244 1882; x_wconf 89' lang='lat' dir='ltr'>supremo</span> <span class='ocrx_word' id='word_1_254' title='bbox 259 1830 344 1870; x_wconf 89' lang='lat' dir='ltr'>Parente</span> <span class='ocrx_word' id='word_1_255' title='bbox 359 1831 437 1876; x_wconf 72' lang='lat' dir='ltr'>lirun,</span> <span class='ocrx_word' id='word_1_256' title='bbox 458 1842 508 1881; x_wconf 88' lang='lat' dir='ltr'>quae</span> <span class='ocrx_word' id='word_1_257' title='bbox 527 1829 645 1869; x_wconf 88' lang='lat' dir='ltr'>memoriam</span> <span class='ocrx_word' id='word_1_258' title='bbox 661 1835 706 1869; x_wconf 90' lang='lat' dir='ltr'>ante</span> <span class='ocrx_word' id='word_1_259' title='bbox 720 1830 810 1869; x_wconf 90' lang='lat' dir='ltr'>visorum</span> <span class='ocrx_word' id='word_1_260' title='bbox 824 1829 939 1869; x_wconf 79' lang='lat' dir='ltr'>refricaret:</span> 
     </span>
     <span class='ocr_line' id='line_1_30' title="bbox 87 1886 939 1938; baseline -0.001 -12"><span class='ocrx_word' id='word_1_261' title='bbox 87 1894 110 1926; x_wconf 88' lang='lat' dir='ltr'>nt</span> <span class='ocrx_word' id='word_1_262' title='bbox 129 1886 159 1926; x_wconf 90' lang='lat' dir='ltr'>sie</span> <span class='ocrx_word' id='word_1_263' title='bbox 178 1899 313 1938; x_wconf 80' lang='lat' dir='ltr'>sarperncrum</span> <span class='ocrx_word' id='word_1_264' title='bbox 331 1886 472 1927; x_wconf 86' lang='lat' dir='ltr'>recordatione</span> <span class='ocrx_word' id='word_1_265' title='bbox 492 1886 631 1934; x_wconf 88' lang='lat' dir='ltr'>corroborata,</span> <span class='ocrx_word' id='word_1_266' title='bbox 655 1886 769 1933; x_wconf 87' lang='lat' dir='ltr'>conditores</span> <span class='ocrx_word' id='word_1_267' title='bbox 788 1886 843 1927; x_wconf 87' lang='lat' dir='ltr'>orbis</span> <span class='ocrx_word' id='word_1_268' title='bbox 858 1886 939 1938; x_wconf 87' lang='lat' dir='ltr'>angelos</span> 
     </span>
     <span class='ocr_line' id='line_1_31' title="bbox 89 1943 940 1997; baseline -0.001 -13"><span class='ocrx_word' id='word_1_269' title='bbox 89 1944 191 1995; x_wconf 80' lang='lat' dir='ltr'>effugeret,</span> <span class='ocrx_word' id='word_1_270' title='bbox 207 1943 350 1996; x_wconf 88' lang='lat' dir='ltr'>immissaeque</span> <span class='ocrx_word' id='word_1_271' title='bbox 365 1944 444 1984; x_wconf 87' lang='lat' dir='ltr'>virtutis</span> <span class='ocrx_word' id='word_1_272' title='bbox 459 1943 558 1984; x_wconf 87' lang='lat' dir='ltr'>beneficio</span> <span class='ocrx_word' id='word_1_273' title='bbox 573 1943 686 1985; x_wconf 86' lang='lat' dir='ltr'>actionibus</span> <span class='ocrx_word' id='word_1_274' title='bbox 701 1943 795 1984; x_wconf 89' lang='lat' dir='ltr'>omnibus</span> <span class='ocrx_word' id='word_1_275' title='bbox 810 1956 860 1997; x_wconf 79' lang='grc'>555555</span> <span class='ocrx_word' id='word_1_276' title='bbox 870 1943 894 1984; x_wconf 92' lang='lat' dir='ltr'>ab</span> <span class='ocrx_word' id='word_1_277' title='bbox 902 1944 940 1983; x_wconf 90' lang='lat' dir='ltr'>ho-</span> 
     </span>
     <span class='ocr_line' id='line_1_32' title="bbox 88 1999 940 2053; baseline -0.001 -12"><span class='ocrx_word' id='word_1_278' title='bbox 88 2000 177 2041; x_wconf 89' lang='lat' dir='ltr'>minibus</span> <span class='ocrx_word' id='word_1_279' title='bbox 196 2000 273 2053; x_wconf 87' lang='lat' dir='ltr'>suscipi</span> <span class='ocrx_word' id='word_1_280' title='bbox 290 2006 386 2053; x_wconf 84' lang='lat' dir='ltr'>pessunt,</span> <span class='ocrx_word' id='word_1_281' title='bbox 405 2001 529 2053; x_wconf 89' lang='lat' dir='ltr'>turpissimis</span> <span class='ocrx_word' id='word_1_282' title='bbox 548 2000 608 2041; x_wconf 87' lang='lat' dir='ltr'>etiam</span> <span class='ocrx_word' id='word_1_283' title='bbox 623 2000 776 2053; x_wconf 85' lang='lat' dir='ltr'>quibuscunque</span> <span class='ocrx_word' id='word_1_284' title='bbox 791 1999 940 2051; x_wconf 83' lang='lat' dir='ltr'>(lrorrenduml)</span> 
     </span>
     <span class='ocr_line' id='line_1_33' title="bbox 90 2057 941 2106; baseline -0.001 -8"><span class='ocrx_word' id='word_1_285' title='bbox 90 2071 113 2098; x_wconf 90' lang='lat' dir='ltr'>ac</span> <span class='ocrx_word' id='word_1_286' title='bbox 128 2057 278 2098; x_wconf 88' lang='lat' dir='ltr'>scelestissimis</span> <span class='ocrx_word' id='word_1_287' title='bbox 293 2059 394 2106; x_wconf 79' lang='lat' dir='ltr'>defuncta,</span> <span class='ocrx_word' id='word_1_288' title='bbox 409 2058 449 2099; x_wconf 91' lang='lat' dir='ltr'>iam</span> <span class='ocrx_word' id='word_1_289' title='bbox 463 2058 532 2106; x_wconf 87' lang='lat' dir='ltr'>libera,</span> <span class='ocrx_word' id='word_1_290' title='bbox 549 2058 621 2098; x_wconf 84' lang='lat' dir='ltr'>solutis</span> <span class='ocrx_word' id='word_1_291' title='bbox 636 2058 729 2098; x_wconf 86' lang='lat' dir='ltr'>omnibus</span> <span class='ocrx_word' id='word_1_292' title='bbox 744 2059 844 2098; x_wconf 89' lang='lat' dir='ltr'>humanae</span> <span class='ocrx_word' id='word_1_293' title='bbox 858 2062 941 2098; x_wconf 91' lang='lat' dir='ltr'>naturae</span> 
     </span>
     <span class='ocr_line' id='line_1_34' title="bbox 90 2115 941 2167; baseline -0.001 -12"><span class='ocrx_word' id='word_1_294' title='bbox 90 2115 171 2161; x_wconf 89' lang='lat' dir='ltr'>debilis,</span> <span class='ocrx_word' id='word_1_295' title='bbox 187 2115 211 2154; x_wconf 91' lang='lat' dir='ltr'>ad</span> <span class='ocrx_word' id='word_1_296' title='bbox 226 2128 341 2167; x_wconf 88' lang='lat' dir='ltr'>supremum</span> <span class='ocrx_word' id='word_1_297' title='bbox 355 2116 435 2156; x_wconf 87' lang='lat' dir='ltr'>Patrem</span> <span class='ocrx_word' id='word_1_298' title='bbox 449 2115 543 2155; x_wconf 87' lang='lat' dir='ltr'>evolaret.</span> <span class='ocrx_word' id='word_1_299' title='bbox 579 2115 649 2167; x_wconf 87' lang='lat' dir='ltr'>Neque</span> <span class='ocrx_word' id='word_1_300' title='bbox 667 2128 714 2155; x_wconf 89' lang='lat' dir='ltr'>vero</span> <span class='ocrx_word' id='word_1_301' title='bbox 730 2115 817 2155; x_wconf 86' lang='lat' dir='ltr'>animam</span> <span class='ocrx_word' id='word_1_302' title='bbox 830 2116 875 2156; x_wconf 86' lang='lat' dir='ltr'>lesu</span> <span class='ocrx_word' id='word_1_303' title='bbox 891 2116 941 2155; x_wconf 47' lang='lat' dir='ltr'>dun*</span> 
     </span>
     <span class='ocr_line' id='line_1_35' title="bbox 90 2172 941 2224; baseline 0 -12"><span class='ocrx_word' id='word_1_304' title='bbox 90 2177 149 2219; x_wconf 85' lang='lat' dir='ltr'>tanat,</span> <span class='ocrx_word' id='word_1_305' title='bbox 166 2172 202 2211; x_wconf 88' lang='lat' dir='ltr'>sed</span> <span class='ocrx_word' id='word_1_306' title='bbox 217 2176 237 2211; x_wconf 88' lang='lat' dir='ltr'>et</span> <span class='ocrx_word' id='word_1_307' title='bbox 252 2172 310 2212; x_wconf 90' lang='lat' dir='ltr'>aliam</span> <span class='ocrx_word' id='word_1_308' title='bbox 321 2185 466 2224; x_wconf 84' lang='lat' dir='ltr'>quamcunque,</span> <span class='ocrx_word' id='word_1_309' title='bbox 483 2184 533 2223; x_wconf 80' lang='grc'>155555</span> <span class='ocrx_word' id='word_1_310' title='bbox 548 2177 626 2212; x_wconf 75' lang='lat' dir='ltr'>tantiam</span> <span class='ocrx_word' id='word_1_311' title='bbox 639 2172 704 2213; x_wconf 87' lang='lat' dir='ltr'>valeat</span> <span class='ocrx_word' id='word_1_312' title='bbox 717 2177 740 2212; x_wconf 93' lang='lat' dir='ltr'>ut</span> <span class='ocrx_word' id='word_1_313' title='bbox 754 2172 824 2212; x_wconf 87' lang='lat' dir='ltr'>mundi</span> <span class='ocrx_word' id='word_1_314' title='bbox 833 2172 941 2212; x_wconf 86' lang='lat' dir='ltr'>fabricato-</span> 
     </span>
     <span class='ocr_line' id='line_1_36' title="bbox 90 2229 942 2281; baseline -0.001 -12"><span class='ocrx_word' id='word_1_315' title='bbox 90 2242 123 2269; x_wconf 90' lang='lat' dir='ltr'>res</span> <span class='ocrx_word' id='word_1_316' title='bbox 139 2229 221 2280; x_wconf 87' lang='lat' dir='ltr'>angelos</span> <span class='ocrx_word' id='word_1_317' title='bbox 236 2234 365 2270; x_wconf 88' lang='lat' dir='ltr'>contemnere</span> <span class='ocrx_word' id='word_1_318' title='bbox 384 2230 459 2281; x_wconf 88' lang='lat' dir='ltr'>possit,</span> <span class='ocrx_word' id='word_1_319' title='bbox 478 2229 531 2268; x_wconf 85' lang='lat' dir='ltr'>vires</span> <span class='ocrx_word' id='word_1_320' title='bbox 550 2229 637 2280; x_wconf 88' lang='lat' dir='ltr'>desuper</span> <span class='ocrx_word' id='word_1_321' title='bbox 652 2230 754 2281; x_wconf 88' lang='lat' dir='ltr'>accipere,</span> <span class='ocrx_word' id='word_1_322' title='bbox 773 2234 796 2269; x_wconf 88' lang='lat' dir='ltr'>ut</span> <span class='ocrx_word' id='word_1_323' title='bbox 809 2242 847 2281; x_wconf 87' lang='lat' dir='ltr'>per</span> <span class='ocrx_word' id='word_1_324' title='bbox 861 2229 942 2269; x_wconf 88' lang='lat' dir='ltr'>easdem</span> 
     </span>
     <span class='ocr_line' id='line_1_37' title="bbox 91 2285 942 2337; baseline 0 -12"><span class='ocrx_word' id='word_1_325' title='bbox 91 2285 182 2326; x_wconf 89' lang='lat' dir='ltr'>actiones</span> <span class='ocrx_word' id='word_1_326' title='bbox 197 2286 340 2337; x_wconf 77' lang='lat' dir='ltr'>progressione</span> <span class='ocrx_word' id='word_1_327' title='bbox 355 2286 417 2334; x_wconf 86' lang='lat' dir='ltr'>tacta,</span> <span class='ocrx_word' id='word_1_328' title='bbox 435 2285 613 2336; x_wconf 80' lang='lat' dir='ltr'>functionibusque</span> <span class='ocrx_word' id='word_1_329' title='bbox 631 2285 724 2325; x_wconf 87' lang='lat' dir='ltr'>omnibus</span> <span class='ocrx_word' id='word_1_330' title='bbox 743 2285 804 2325; x_wconf 89' lang='lat' dir='ltr'>obitis</span> <span class='ocrx_word' id='word_1_331' title='bbox 821 2298 870 2337; x_wconf 89' lang='lat' dir='ltr'>quas</span> <span class='ocrx_word' id='word_1_332' title='bbox 885 2286 942 2325; x_wconf 89' lang='lat' dir='ltr'>lesus</span> 
     </span>
     <span class='ocr_line' id='line_1_38' title="bbox 92 2342 942 2394; baseline 0.001 -13"><span class='ocrx_word' id='word_1_333' title='bbox 92 2342 171 2390; x_wconf 88' lang='lat' dir='ltr'>obierit,</span> <span class='ocrx_word' id='word_1_334' title='bbox 188 2342 266 2394; x_wconf 87' lang='lat' dir='ltr'>etipsa</span> <span class='ocrx_word' id='word_1_335' title='bbox 281 2355 342 2394; x_wconf 89' lang='lat' dir='ltr'>super</span> <span class='ocrx_word' id='word_1_336' title='bbox 357 2342 440 2394; x_wconf 81' lang='lat' dir='ltr'>opifices</span> <span class='ocrx_word' id='word_1_337' title='bbox 455 2342 537 2392; x_wconf 84' lang='lat' dir='ltr'>angelos</span> <span class='ocrx_word' id='word_1_338' title='bbox 553 2343 620 2382; x_wconf 80' lang='lat' dir='ltr'>efferri</span> <span class='ocrx_word' id='word_1_339' title='bbox 635 2342 707 2394; x_wconf 86' lang='lat' dir='ltr'>possit,</span> <span class='ocrx_word' id='word_1_340' title='bbox 724 2346 744 2383; x_wconf 88' lang='lat' dir='ltr'>et</span> <span class='ocrx_word' id='word_1_341' title='bbox 759 2343 782 2382; x_wconf 89' lang='lat' dir='ltr'>ab</span> <span class='ocrx_word' id='word_1_342' title='bbox 797 2342 897 2383; x_wconf 89' lang='lat' dir='ltr'>universis</span> <span class='ocrx_word' id='word_1_343' title='bbox 910 2356 942 2383; x_wconf 84' lang='lat' dir='ltr'>ex-</span> 
     </span>
     <span class='ocr_line' id='line_1_39' title="bbox 92 2399 942 2452; baseline 0 -14"><span class='ocrx_word' id='word_1_344' title='bbox 92 2399 170 2452; x_wconf 86' lang='lat' dir='ltr'>pedita,</span> <span class='ocrx_word' id='word_1_345' title='bbox 187 2411 268 2438; x_wconf 89' lang='lat' dir='ltr'>sursum</span> <span class='ocrx_word' id='word_1_346' title='bbox 287 2400 311 2438; x_wconf 91' lang='lat' dir='ltr'>ad</span> <span class='ocrx_word' id='word_1_347' title='bbox 329 2399 454 2449; x_wconf 87' lang='lat' dir='ltr'>incognitum</span> <span class='ocrx_word' id='word_1_348' title='bbox 468 2399 548 2438; x_wconf 90' lang='lat' dir='ltr'>Patrem</span> <span class='ocrx_word' id='word_1_349' title='bbox 563 2399 674 2451; x_wconf 84' lang='lat' dir='ltr'>pervenire.</span> <span class='ocrx_word' id='word_1_350' title='bbox 703 2400 766 2439; x_wconf 90' lang='lat' dir='ltr'>Immo</span> <span class='ocrx_word' id='word_1_351' title='bbox 782 2411 805 2439; x_wconf 90' lang='lat' dir='ltr'>ea</span> <span class='ocrx_word' id='word_1_352' title='bbox 820 2403 863 2439; x_wconf 89' lang='lat' dir='ltr'>erat</span> <span class='ocrx_word' id='word_1_353' title='bbox 877 2399 942 2451; x_wconf 90' lang='lat' dir='ltr'>impu-</span> 
     </span>
     <span class='ocr_line' id='line_1_40' title="bbox 93 2455 943 2508; baseline 0 -12"><span class='ocrx_word' id='word_1_354' title='bbox 93 2455 258 2496; x_wconf 87' lang='lat' dir='ltr'>dentissimormn</span> <span class='ocrx_word' id='word_1_355' title='bbox 276 2456 381 2495; x_wconf 90' lang='lat' dir='ltr'>bominum</span> <span class='ocrx_word' id='word_1_356' title='bbox 400 2456 522 2507; x_wconf 82' lang='lat' dir='ltr'>arrogantia,</span> <span class='ocrx_word' id='word_1_357' title='bbox 541 2460 564 2495; x_wconf 90' lang='lat' dir='ltr'>ut</span> <span class='ocrx_word' id='word_1_358' title='bbox 584 2456 717 2507; x_wconf 87' lang='lat' dir='ltr'>gloriarentur</span> <span class='ocrx_word' id='word_1_359' title='bbox 732 2455 813 2508; x_wconf 90' lang='lat' dir='ltr'>quidam</span> <span class='ocrx_word' id='word_1_360' title='bbox 827 2469 869 2496; x_wconf 90' lang='lat' dir='ltr'>non</span> <span class='ocrx_word' id='word_1_361' title='bbox 883 2456 943 2496; x_wconf 78' lang='lat' dir='ltr'>niodo</span> 
     </span>
     <span class='ocr_line' id='line_1_41' title="bbox 94 2512 942 2565; baseline 0 -13"><span class='ocrx_word' id='word_1_362' title='bbox 94 2512 191 2563; x_wconf 85' lang='lat' dir='ltr'>apostolis</span> <span class='ocrx_word' id='word_1_363' title='bbox 205 2512 265 2551; x_wconf 89' lang='lat' dir='ltr'>Petro</span> <span class='ocrx_word' id='word_1_364' title='bbox 281 2517 301 2551; x_wconf 93' lang='lat' dir='ltr'>et</span> <span class='ocrx_word' id='word_1_365' title='bbox 314 2512 386 2560; x_wconf 83' lang='lat' dir='ltr'>Paulo,</span> <span class='ocrx_word' id='word_1_366' title='bbox 409 2517 429 2552; x_wconf 89' lang='lat' dir='ltr'>et</span> <span class='ocrx_word' id='word_1_367' title='bbox 450 2512 543 2564; x_wconf 90' lang='lat' dir='ltr'>reliquis,</span> <span class='ocrx_word' id='word_1_368' title='bbox 567 2512 603 2552; x_wconf 82' lang='lat' dir='ltr'>secl</span> <span class='ocrx_word' id='word_1_369' title='bbox 623 2518 642 2553; x_wconf 92' lang='lat' dir='ltr'>et</span> <span class='ocrx_word' id='word_1_370' title='bbox 662 2513 702 2565; x_wconf 91' lang='lat' dir='ltr'>ipsi</span> <span class='ocrx_word' id='word_1_371' title='bbox 716 2513 762 2552; x_wconf 88' lang='lat' dir='ltr'>lesu</span> <span class='ocrx_word' id='word_1_372' title='bbox 776 2513 899 2565; x_wconf 89' lang='lat' dir='ltr'>praecellere</span> <span class='ocrx_word' id='word_1_373' title='bbox 914 2525 942 2560; x_wconf 88' lang='grc'>55,</span> 
     </span>
     <span class='ocr_line' id='line_1_42' title="bbox 95 2568 944 2621; baseline 0 -13"><span class='ocrx_word' id='word_1_374' title='bbox 95 2574 137 2608; x_wconf 90' lang='lat' dir='ltr'>tum</span> <span class='ocrx_word' id='word_1_375' title='bbox 152 2568 269 2609; x_wconf 82' lang='lat' dir='ltr'>excellentia</span> <span class='ocrx_word' id='word_1_376' title='bbox 284 2569 414 2620; x_wconf 78' lang='lat' dir='ltr'>cognitionis,</span> <span class='ocrx_word' id='word_1_377' title='bbox 435 2574 477 2609; x_wconf 89' lang='lat' dir='ltr'>tmn</span> <span class='ocrx_word' id='word_1_378' title='bbox 493 2568 546 2621; x_wconf 88' lang='lat' dir='ltr'>qnod</span> <span class='ocrx_word' id='word_1_379' title='bbox 560 2569 713 2621; x_wconf 85' lang='lat' dir='ltr'>progressiones</span> <span class='ocrx_word' id='word_1_380' title='bbox 728 2569 794 2610; x_wconf 88' lang='lat' dir='ltr'>varias</span> <span class='ocrx_word' id='word_1_381' title='bbox 809 2582 832 2609; x_wconf 90' lang='lat' dir='ltr'>ac</span> <span class='ocrx_word' id='word_1_382' title='bbox 847 2570 944 2610; x_wconf 86' lang='lat' dir='ltr'>decursus</span> 
     </span>
     <span class='ocr_line' id='line_1_43' title="bbox 95 2626 944 2723; baseline 0 -57"><span class='ocrx_word' id='word_1_383' title='bbox 95 2626 214 2666; x_wconf 83' lang='lat' dir='ltr'>curnulatius</span> <span class='ocrx_word' id='word_1_384' title='bbox 229 2626 334 2666; x_wconf 86' lang='lat' dir='ltr'>obiissent.</span> <span class='ocrx_word' id='word_1_385' title='bbox 363 2627 444 2667; x_wconf 84' lang='lat' dir='ltr'>Animas</span> <span class='ocrx_word' id='word_1_386' title='bbox 460 2626 535 2679; x_wconf 91' lang='lat' dir='ltr'>quippe</span> <span class='ocrx_word' id='word_1_387' title='bbox 551 2640 621 2667; x_wconf 90' lang='lat' dir='ltr'>omnes</span> <span class='ocrx_word' id='word_1_388' title='bbox 636 2640 661 2667; x_wconf 85' lang='grc'>55</span> <span class='ocrx_word' id='word_1_389' title='bbox 676 2627 746 2667; x_wconf 89' lang='lat' dir='ltr'>eadem</span> <span class='ocrx_word' id='word_1_390' title='bbox 760 2627 874 2723; x_wconf 65' lang='grc' dir='ltr'><em>περιφορᾷ</em></span> <span class='ocrx_word' id='word_1_391' title='bbox 888 2639 944 2675; x_wconf 85' lang='grc'>5555;</span> 
     </span>
     <span class='ocr_line' id='line_1_44' title="bbox 96 2683 945 2747; baseline 0.001 -25"><span class='ocrx_word' id='word_1_392' title='bbox 96 2683 175 2723; x_wconf 87' lang='lat' dir='ltr'>etideo</span> <span class='ocrx_word' id='word_1_393' title='bbox 191 2684 282 2731; x_wconf 89' lang='lat' dir='ltr'>eundem,</span> <span class='ocrx_word' id='word_1_394' title='bbox 298 2684 435 2747; x_wconf 82' lang='lat' dir='ltr'>quemlesus,</span> <span class='ocrx_word' id='word_1_395' title='bbox 453 2684 859 2737; x_wconf 65' lang='grc'>55515555555555155555555555515555</span> <span class='ocrx_word' id='word_1_396' title='bbox 875 2683 945 2724; x_wconf 87' lang='lat' dir='ltr'>eadem</span> 
     </span>
     <span class='ocr_line' id='line_1_45' title="bbox 95 2740 945 2793; baseline -0.001 -12"><span class='ocrx_word' id='word_1_397' title='bbox 95 2740 114 2781; x_wconf 88' lang='grc'>55</span> <span class='ocrx_word' id='word_1_398' title='bbox 135 2753 158 2780; x_wconf 84' lang='grc'>55</span> <span class='ocrx_word' id='word_1_399' title='bbox 179 2740 225 2780; x_wconf 86' lang='lat' dir='ltr'>virtr</span> <span class='ocrx_word' id='word_1_400' title='bbox 225 2747 252 2780; x_wconf 86' lang='grc'>555</span> <span class='ocrx_word' id='word_1_401' title='bbox 273 2741 356 2789; x_wconf 89' lang='lat' dir='ltr'>instrui,</span> <span class='ocrx_word' id='word_1_402' title='bbox 380 2753 418 2792; x_wconf 89' lang='lat' dir='ltr'>qua</span> <span class='ocrx_word' id='word_1_403' title='bbox 440 2753 477 2792; x_wconf 91' lang='lat' dir='ltr'>per</span> <span class='ocrx_word' id='word_1_404' title='bbox 498 2741 600 2781; x_wconf 88' lang='lat' dir='ltr'>actionum</span> <span class='ocrx_word' id='word_1_405' title='bbox 618 2740 707 2781; x_wconf 90' lang='lat' dir='ltr'>omnium</span> <span class='ocrx_word' id='word_1_406' title='bbox 722 2753 796 2793; x_wconf 88' lang='lat' dir='ltr'>genera</span> <span class='ocrx_word' id='word_1_407' title='bbox 809 2741 945 2782; x_wconf 86' lang='lat' dir='ltr'>traducantur</span> 
     </span>
    </p>
   </div>
   <div class='ocr_carea' id='block_1_3' title="bbox 145 2945 946 2989">
    <p class='ocr_par' dir='ltr' id='par_1_4' title="bbox 145 2945 946 2989">
     <span class='ocr_line' id='line_1_46' title="bbox 145 2945 946 2989; baseline 0.001 -11.011"><span class='ocrx_word' id='word_1_408' title='bbox 145 2945 222 2985; x_wconf 73' lang='lat' dir='ltr'>llssleo]</span> <span class='ocrx_word' id='word_1_409' title='bbox 235 2945 278 2978; x_wconf 80' lang='lat' dir='ltr'>Ales</span> <span class='ocrx_word' id='word_1_410' title='bbox 291 2946 350 2977; x_wconf 83' lang='lat' dir='ltr'>Strorn.</span> <span class='ocrx_word' id='word_1_411' title='bbox 363 2946 373 2977; x_wconf 93' lang='lat' dir='ltr'>l.</span> <span class='ocrx_word' id='word_1_412' title='bbox 387 2947 413 2979; x_wconf 92' lang='grc'>555</span> <span class='ocrx_word' id='word_1_413' title='bbox 426 2957 442 2989; x_wconf 91' lang='lat' dir='ltr'>p</span> <span class='ocrx_word' id='word_1_414' title='bbox 455 2945 494 2979; x_wconf 70' lang='grc'>428</span> <span class='ocrx_word' id='word_1_415' title='bbox 519 2945 644 2979; x_wconf 79' lang='grc' dir='ltr'>Τ15555155151</span> <span class='ocrx_word' id='word_1_416' title='bbox 657 2959 670 2980; x_wconf 93' lang='lat' dir='ltr'>e.</span> <span class='ocrx_word' id='word_1_417' title='bbox 683 2948 699 2980; x_wconf 91' lang='lat'>5.</span> <span class='ocrx_word' id='word_1_418' title='bbox 722 2948 781 2980; x_wconf 84' lang='lat' dir='ltr'>Enseb</span> <span class='ocrx_word' id='word_1_419' title='bbox 795 2948 805 2979; x_wconf 94' lang='lat' dir='ltr'>l</span> <span class='ocrx_word' id='word_1_420' title='bbox 816 2948 838 2980; x_wconf 89' lang='lat' dir='ltr'>lV.</span> <span class='ocrx_word' id='word_1_421' title='bbox 851 2948 892 2983; x_wconf 85' lang='lat' dir='ltr'>Hist</span> <span class='ocrx_word' id='word_1_422' title='bbox 881 2953 918 2980; x_wconf 85' lang='lat' dir='ltr'>te.</span> <span class='ocrx_word' id='word_1_423' title='bbox 931 2948 946 2982; x_wconf 76' lang='lat'>7.</span> 
     </span>
    </p>
   </div>
   <div class='ocr_carea' id='block_1_4' title="bbox 99 2989 947 3078">
    <p class='ocr_par' dir='ltr' id='par_1_5' title="bbox 99 2989 947 3077">
     <span class='ocr_line' id='line_1_47' title="bbox 99 2989 947 3067; baseline 0.005 -46"><span class='ocrx_word' id='word_1_424' title='bbox 99 2990 155 3067; x_wconf 78' lang='grc'>11555551</span> <span class='ocrx_word' id='word_1_425' title='bbox 168 2989 664 3032; x_wconf 45' lang='grc' dir='ltr'>11555111151512.2)15555.1515.Ι.5.25.55.</span> <span class='ocrx_word' id='word_1_426' title='bbox 677 2994 692 3026; x_wconf 87' lang='grc'>6.</span> <span class='ocrx_word' id='word_1_427' title='bbox 740 2993 826 3035; x_wconf 69' lang='grc'>3115555515.</span> <span class='ocrx_word' id='word_1_428' title='bbox 833 2994 880 3026; x_wconf 88' lang='lat' dir='ltr'>Haer</span> <span class='ocrx_word' id='word_1_429' title='bbox 888 2993 947 3026; x_wconf 83' lang='grc'>11111,</span> 
     </span>
     <span class='ocr_line' id='line_1_48' title="bbox 99 2996 608 3078; baseline 0.004 -10"><span class='ocrx_word' id='word_1_430' title='bbox 99 3034 137 3078; x_wconf 67' lang='lat' dir='ltr'>§.l</span> <span class='ocrx_word' id='word_1_431' title='bbox 140 3036 220 3068; x_wconf 78' lang='grc'>5,12.1</span> <span class='ocrx_word' id='word_1_432' title='bbox 214 3037 254 3069; x_wconf 90' lang='lat' dir='ltr'>lr.en</span> <span class='ocrx_word' id='word_1_433' title='bbox 268 2991 507 3071; x_wconf 54' lang='grc'>15151562511555115551.</span> <span class='ocrx_word' id='word_1_434' title='bbox 519 3037 530 3069; x_wconf 94' lang='lat' dir='ltr'>l</span> <span class='ocrx_word' id='word_1_435' title='bbox 542 3038 555 3070; x_wconf 92' lang='lat' dir='ltr'>l.</span> <span class='ocrx_word' id='word_1_436' title='bbox 568 3048 581 3070; x_wconf 80' lang='lat' dir='ltr'>e.</span> <span class='ocrx_word' id='word_1_437' title='bbox 594 3038 608 3070; x_wconf 91' lang='lat'>5.</span> 
     </span>
    </p>
   </div>
   <div class='ocr_carea' id='block_1_5' title="bbox 0 0 989 3304">
    <p class='ocr_par' dir='ltr' id='par_1_6' title="bbox 0 0 989 3304">
     <span class='ocr_line' id='line_1_49' title="bbox 0 0 989 3304; baseline 0 0"><span class='ocrx_word' id='word_1_438' title='bbox 0 0 989 3304; x_wconf 95' lang='lat' dir='ltr'> </span> 
     </span>
    </p>
   </div>
  </div>
 </body>
</html>
