1936 3304
245 170 256 198 Α
271 168 346 197 DUOBUS
363 166 472 195 ntsclrunts
489 165 567 193 rrnrru
584 164 672 192 SCRIPTA.
847 156 888 196 447

37 276 96 319 nobis
111 273 158 314 licet
172 269 290 322 incognitas,
306 283 341 310 eur
355 269 376 309 in
391 269 507 309 Latinorum
523 265 607 317 gratiam
623 265 720 317 quaedam
735 266 769 306 hic
777 267 887 320 scripserit.

39 336 100 375 Antor
116 341 162 370 vero
181 339 291 379 anonymus
309 328 384 378 (quem
396 326 535 366 Balsainonem
555 335 600 363 esse
620 321 690 362 nescio
710 335 745 362 eur
759 324 845 364 affirmet
858 325 887 364 ill.

37 392 144 433 altannus,
161 396 220 435 quum
235 384 295 434 longe
310 383 361 422 alius
376 382 394 421 is
410 382 484 432 fuerit)
501 380 888 421 canlin'nationuneutloersusEcclesioan

39 441 143 493 lotinant¹)
165 441 187 480 in
209 452 290 480 scenam
309 439 342 478 hic
361 438 445 490 produci
465 450 591 489 nequaquam
606 441 707 484 meretur,
730 442 799 488 utpote
814 438 848 489 qen
864 439 888 478 de

39 500 129 542 erunibus
144 496 260 537 Latinorum
283 495 389 535 sententiis
411 495 465 534 hand
487 494 535 533 satis
555 493 664 532 instructus
680 494 740 533 fuerit
755 493 853 545 nugisque
869 504 889 534 et

38 555 157 598 falsitatibus
175 552 238 604 magis
257 564 315 604 quain
334 550 414 591 veritati
433 551 452 590 in
473 550 513 589 hoo
527 549 595 589 libello
611 562 693 601 operam
709 547 818 600 rtcrlerit2).
848 550 889 590 ltec

39 614 63 655 ad
78 610 183 652 concilium
199 621 278 661 quoquc
293 607 429 648 Florentinum
445 607 493 646 satis
509 619 579 646 secure
594 606 646 645 hano
660 606 681 645 iu
696 619 739 646 rem
750 607 891 658 provocaverit

38 670 68 710 nir
82 666 216 713 doctissimus,
232 677 291 717 quem
305 665 367 703 latere
382 664 435 703 haud
450 668 523 715 potest,
538 676 659 702 consensum
667 663 785 703 Latinorum
801 663 889 703 etGrae-

39 738 106 765 corum
121 722 258 763 Florentinum
281 727 301 760 et
321 720 434 771 ambignum
456 719 519 759 fuisse
542 724 561 758 et
579 719 598 758 vi
619 719 709 760 adhibita
728 725 827 760 extortum
844 725 889 759 eta

40 781 118 822 Graecis
133 778 241 831 plerisque,
257 790 317 829 (prium
333 777 356 816 ad
372 789 420 816 suos
435 776 510 815 reversi
526 781 599 823 essent,
614 782 735 824 reuocatum,
751 777 841 829 satisque
857 790 889 816 ex-

38 838 130 891 posuisse
139 836 232 883 Graecos,
248 834 295 885 qnid
311 834 334 873 de
350 832 436 873 coneilio
444 832 560 872 Florentino
576 832 670 879 sentiant,
687 839 755 885 utpote
771 834 805 886 qui
817 845 889 884 ritagno

39 905 121 934 rniinero
141 896 209 931 contra
228 891 271 929 eius
286 890 366 929 decreta
381 889 460 928 libellos
475 888 617 928 acerbissimos
633 888 781 941 scripserint3).
810 890 889 930 Primos

38 951 71 991 hic
95 953 147 989 tenet
169 946 266 998 Georgius
289 945 405 986 Seholarius
427 945 468 984 sire
491 945 615 993 Gennadius,
637 947 751 997 patriarcha
774 947 889 987 Constanti-

39 1001 195 1059 nopolitanus4),
217 1015 276 1056 quem
291 1002 350 1042 citato
366 1002 444 1053 agmine
459 1001 560 1053 Splrcster
574 1001 713 1054 Spi·opulus⁵),
729 1003 807 1043 llarcus
822 1004 889 1056 Ephe-

39 1090 228 1098 ’,ὀί-ὴ

39 1143 77 1174 bere
94 1141 109 1172 in
125 1139 224 1181 praefatione
237 1139 323 1180 Gregorius
340 1143 407 1170 testatur
419 1142 434 1169 et
445 1137 514 1169 Nectarii
527 1137 628 1178 patriarchae
640 1137 703 1170 Hieros.
715 1139 801 1179 responsio
814 1139 890 1171 aduersus

39 1188 62 1219 lo.
75 1186 157 1218 Claudium
173 1185 265 1225 theologum
282 1185 397 1222 reformatum,
416 1193 424 1214 a
441 1183 545 1214 celeberrimo
558 1183 591 1214 rire
604 1183 673 1214 Eusebio
686 1184 786 1215 Renandotio
799 1184 890 1216 collectioni

40 1231 138 1271 Scriptorum
154 1230 254 1271 quorundam
271 1231 367 1262 Graecorum
383 1228 491 1259 recentiorum
507 1227 572 1259 Parisiis
586 1227 634 1259 1766.
651 1228 668 1259 4.
685 1228 714 1260 abs
731 1238 748 1259 se
761 1229 812 1260 editae
825 1230 890 1269 inserta,

39 1287 54 1317 p.
68 1274 104 1307 l't3.
117 1275 186 1316 itemque
199 1275 257 1306 Leonis
265 1275 317 1306 allatii
330 1274 375 1305 locus
388 1274 414 1305 eit.
426 1273 452 1304 ubi
465 1273 524 1313 scripta
532 1273 594 1312 Georgii
602 1273 672 1304 Coressii
685 1279 718 1305 turn
731 1274 772 1305 edita
785 1279 818 1306 tnm
831 1275 891 1306 inedita

39 1325 147 1353 recensentur.
171 1320 281 1360 lnspieiendae
294 1329 343 1360 porro
357 1319 382 1350 hic
394 1323 431 1349 sunt
443 1328 474 1350 rer.
487 1318 652 1358 abluatisPapadopoli
666 1318 781 1351 Praenationes
794 1321 890 1360 mystagogi-

41 1376 73 1404 cae,
85 1365 100 1396 in
114 1365 171 1406 quitms
183 1365 246 1405 Georgii
259 1369 305 1395 notas
317 1365 337 1395 ad
349 1364 428 1404 Spnopsiu
441 1363 545 1394 conciliorum
558 1363 588 1394 utu
596 1363 653 1394 Rhodii
666 1365 890 1406 operoserefutatrirumque

39 1416 113 1451 tanquam
131 1410 211 1441 Rabannae
228 1409 304 1441 ecelesiae
320 1409 446 1440 infensissimum
462 1408 509 1438 nobis
526 1408 601 1448 depingit.
629 1408 701 1449 Denique
716 1409 765 1441 enofri
777 1415 853 1450 poterunt
866 1420 890 1449 ea,

41 1465 79 1496 qnae
99 1455 121 1485 lo.
134 1454 218 1494 hymenius
238 1464 289 1495 nuper
306 1458 360 1485 eontra
377 1454 419 1484 laune
432 1453 523 1485 Coressinm
541 1452 556 1483 iu
573 1453 615 1484 notis
632 1453 651 1484 ad
664 1453 718 1494 Cyrilli
731 1454 799 1486 Lucairii
813 1456 890 1496 epistolas

40 1495 150 1533 ἀνεκδότους
161 1499 213 1530 tertre
226 1499 241 1531 5.
253 1510 269 1540 p.
282 1498 309 1531 66.
322 1499 392 1535 monuit,
408 1498 434 1529 nbi
447 1502 462 1528 et
475 1498 571 1536 observarit,
585 1497 627 1538 qnod
640 1498 655 1528 in
669 1499 766 1530 catechismo
779 1500 807 1531 abs
820 1510 838 1531 se
851 1511 890 1532 con-

40 1546 81 1576 fecto
93 1554 131 1575 voce
143 1544 325 1575 transsubstantiationis
338 1544 351 1574 is
364 1552 427 1584 quoque
440 1546 497 1573 utatur.
523 1542 565 1573 ldein
579 1547 594 1573 et
606 1543 678 1573 eiusdem
686 1544 739 1584 Cprilli
753 1545 838 1585 epistotam
851 1555 890 1577 eon-

40 1595 63 1621 tra
76 1589 156 1620 laudatum
169 1589 254 1629 Georgium
267 1589 283 1620 P.
297 1589 308 1619 l.
321 1587 388 1619 nnmfl.
401 1598 416 1628 p.
431 1587 462 1619 tot
475 1597 510 1628 sqq.
523 1587 595 1626 exhibet,
607 1587 634 1619 nbi
648 1588 690 1620 hunc
701 1589 715 1620 is
727 1589 839 1630 seductorem,
851 1591 891 1632 Epi-

41 1643 124 1672 cnraeum,
143 1633 216 1672 atheum,
235 1634 333 1665 haereticum
349 1632 478 1673 discipulumque
490 1633 586 1663 lesuitarnm
604 1637 653 1664 cocat.
678 1634 722 1671 Qnae
735 1644 773 1666 sane
786 1636 826 1666 mira
839 1641 863 1667 est
875 1636 892 1667 in

40 1678 107 1718 Georgia
124 1679 154 1710 isto
172 1678 257 1710 infelicitas
270 1679 351 1719 fatumque
363 1678 423 1718 oppido
435 1677 528 1716 sinistrum,
544 1677 587 1718 quod
604 1682 619 1709 et
632 1688 640 1709 a
652 1678 733 1711 Romanae
746 1684 761 1711 et
774 1690 782 1711 a
794 1681 892 1713 reformatae

40 1724 90 1764 partis
103 1723 193 1754 hominihus
205 1724 266 1764 passim
278 1723 346 1762 indignis
359 1723 411 1753 modis
423 1722 508 1753 laceretur.

86 1767 101 1805 l)
114 1768 157 1806 Quae
170 1769 185 1799 in
198 1777 269 1799 monum.
282 1768 320 1800 eccl.
334 1768 388 1800 Graec.
401 1777 410 1798 a
424 1767 445 1798 to.
457 1767 503 1808 Bapt.
516 1766 596 1799 Gotelerio
610 1767 656 1799 editis
665 1768 683 1799 T.
691 1769 716 1800 ut
724 1769 819 1812 pdttdsqq.
825 1776 892 1804 erstant.

85 1812 178 1850 atterente
191 1813 260 1853 ipsomet
272 1814 290 1845 el.
302 1812 387 1844 rtarrnto
400 1809 417 1853 ξ
430 1812 456 1843 2't.
469 1822 485 1853 p.
499 1811 537 1855 124.
550 1816 598 1853 atque
610 1812 658 1843 etiam
671 1813 751 1846 Gotelerio
764 1816 774 1847 l.
788 1827 800 1847 e.
813 1826 830 1857 p.
838 1816 876 1848 664.

86 1856 102 1896 3)
114 1858 151 1889 tide
164 1857 193 1889 cel.
206 1859 279 1890 lleineec.
291 1858 377 1898 rlbbildnnq
390 1859 417 1889 der
429 1858 470 1889 often
482 1858 513 1889 zared
525 1867 575 1889 neruo
588 1857 647 1890 Grieeh.
660 1859 715 1892 llirebc
723 1860 762 1892 dnh.
776 1871 792 1902 p.
802 1860 829 1893 68.
842 1861 869 1894 69.

85 1902 102 1941 d}
115 1902 213 1943 Subscripsit
225 1904 251 1935 hie
262 1903 345 1944 epistolae,
359 1912 405 1943 quam
420 1902 468 1933 1451.
482 1902 549 1933 ecelesia
563 1902 647 1933 GPolitana
660 1903 680 1934 ad
691 1904 771 1936 Boliemos
784 1907 832 1945 misit,
844 1915 893 1938 νεω-

41 1947 230 1989 aepiupcoiclatinornm
242 1948 329 1988 plurimum
342 1947 426 1987 oppositae
439 1951 454 1977 et
461 1951 515 1977 contra
523 1942 554 1985 adr
560 1942 627 1976 ἕνωσιν
633 1942 665 1986 τὴν
672 1945 692 1977 ἐν
702 1947 809 1991 drepente
816 1952 892 1993 scriptae,

42 2002 88 2032 qnam
101 2002 119 2023 cx
130 1992 227 2024 bibliotheca
240 1992 302 2031 collegii
316 1991 368 2023 Caroli
382 1991 403 2022 lV.
417 1992 457 2032 lmp.
470 1992 530 2030 Pragae
542 1991 612 2031 prinnini
625 1992 668 2023 dedit
681 1993 728 2035 Casp.
741 1995 846 2036 adibruch,
858 1997 893 2028 llla-

41 2037 121 2068 nimiliano
134 2037 171 2076 Regi
188 2046 196 2066 a
213 2037 284 2068 consiliis
300 2045 405 2076 recusamque
417 2041 473 2076 postea
486 2036 571 2066 exhibuere
584 2036 616 2066 Leo
628 2036 695 2069 dilutius
708 2039 728 2070 do
740 2041 818 2072 ecclesiae
832 2042 892 2074 [trient.

42 2086 57 2113 et
70 2081 123 2112 uecta.
136 2085 212 2121 perpetua
225 2081 331 2112 consensione
343 2081 360 2111 L.
375 2080 401 2111 lll.
415 2091 427 2112 c.
441 2081 463 2111 lt.
481 2090 496 2111 n.
510 2079 525 2111 2.
542 2090 558 2121 p.
571 2079 610 2112 etr.
625 2086 640 2112 et
652 2082 707 2123 Steph.
720 2084 735 2115 le
749 2085 804 2126 blopne
817 2087 833 2118 in
846 2088 893 2119 rariis

41 2126 91 2157 sacris
104 2126 121 2156 T.
134 2125 146 2156 l.
159 2135 174 2166 p.
187 2124 221 2157 294
232 2136 267 2167 sqq.
286 2125 329 2156 ldem
342 2129 423 2165 syntagma
436 2129 491 2156 contra
504 2125 569 2156 latinos
581 2125 650 2166 scripsit,
664 2128 707 2167 qnod
720 2129 778 2161 dicitur
790 2126 893 2172 dododo'fen

41 2162 157 2211 arcrrttpa'qnov
169 2171 229 2210 synodo
242 2170 343 2202 Florentinae
356 2170 457 2211 oppositum,
474 2170 490 2201 in
507 2170 557 2202 libros
570 2169 585 2202 8.
601 2171 703 2204 distributum
717 2178 732 2205 et
744 2174 812 2206 londini
825 2176 892 2216 editum,

42 2215 69 2246 nbi
80 2209 121 2249 τοὺς
127 2214 143 2244 Γ
142 2211 215 2256 (tritavia
227 2212 287 2256 ὀρθῶς
298 2215 377 2256 φρονῶν
389 2216 459 2247 ostendit
470 2220 486 2246 et
497 2212 529 2250 τὰς
541 2212 561 2245 ἓν
569 2215 675 2258 ereptura
688 2212 782 2257 συνθήκας
789 2220 844 2251 civium
853 2231 892 2253 suo-

41 2269 77 2290 rum
89 2259 173 2298 damnarit,
185 2265 207 2299 ut,
220 2270 260 2302 qnae
272 2261 287 2292 in
298 2260 399 2292 bibliothecis
410 2261 462 2292 adhue
474 2261 528 2299 latent,
542 2260 618 2292 Gennadii
631 2266 685 2293 contra
698 2264 776 2304 synodum
783 2265 892 2298 Florentinum

42 2305 101 2344 scripta
114 2305 132 2335 ab
146 2304 180 2336 aliis
193 2310 280 2336 memorata
293 2310 379 2336 taceamus.
407 2306 440 2337 Nee
457 2306 533 2336 obiecerit
546 2306 592 2347 quis,
610 2306 709 2339 Gennadium
722 2309 764 2340 hune
776 2310 815 2341 alias
828 2321 893 2353 quoque

42 2348 134 2380 Latinorum
146 2349 186 2380 tueri
199 2355 258 2390 partes,
271 2359 319 2391 qunrn
332 2354 379 2381 notae
391 2350 424 2381 sint
436 2350 469 2382 eins
482 2351 563 2382 orationes
576 2351 594 2382 nd
607 2355 661 2391 patres
674 2354 892 2393 spicatFloranrtaaetiem-

43 2403 73 2433 que
85 2394 158 2434 apologia
170 2404 200 2435 pro
212 2395 272 2435 spnodo
286 2395 386 2433 florentina,
403 2404 443 2435 qnae
456 2395 504 2426 latine
516 2395 603 2434 Diltingae,
620 2406 676 2435 graece
688 2408 725 2429 vero
737 2399 797 2430 Romae
809 2401 893 2441 prodierit.

43 2437 147 2479 Supposititia
160 2439 201 2470 enim
214 2440 254 2471 baec
266 2449 301 2470 esse
314 2444 329 2470 et
341 2439 360 2470 ab
373 2439 461 2480 impostore
474 2440 543 2480 quodam
556 2441 632 2479 conficta,
646 2444 723 2481 maxime,
740 2453 780 2484 quae
792 2454 823 2485 pro
836 2446 893 2478 defen-

44 2482 89 2513 sione
101 2483 116 2514 5.
130 2484 198 2524 capitum
210 2485 226 2515 in
239 2484 306 2515 coneilio
320 2484 450 2515 contrnGraeeos
463 2485 564 2516 definitorum
577 2486 636 2525 scripta
646 2491 688 2525 sunt,
701 2488 760 2519 (lardum
768 2490 796 2520 riri
804 2490 894 2524 doctissimi

43 2526 99 2558 Petrus
111 2527 193 2567 hirudius,
205 2529 227 2560 Io.
240 2529 294 2560 hlattb.
307 2528 417 2569 Carpophifus,
430 2528 465 2560 Gar.
478 2529 498 2560 du
511 2529 577 2568 tresue,
589 2530 667 2561 Eusebius
674 2531 783 2565 Renaudotins
796 2535 855 2577 aliique
866 2538 895 2569 de-

43 2576 158 2603 monstrarunt.
181 2573 214 2605 Nec
226 2578 255 2612 est,
268 2573 310 2614 qnod
323 2582 359 2604 eum
372 2573 473 2614 Garpophilo,
485 2574 542 2605 Atlatio
555 2575 623 2615 aliisque
635 2575 675 2607 aluos
688 2582 748 2609 statuas
756 2579 855 2622 Gennadius,
868 2584 895 2624 qui

43 2616 123 2656 posterior
135 2621 168 2647 tam
180 2617 196 2648 in
208 2618 271 2649 laudato
284 2618 335 2655 libro,
347 2622 381 2648 tum
393 2618 409 2649 in
422 2619 560 2650 exercitationibus
573 2624 627 2651 contra
641 2620 758 2662 Greygbtonurn
771 2629 787 2656 et
798 2625 814 2657 in
828 2627 895 2660 diatriba

44 2661 63 2691 de
75 2661 147 2700 Georgiis
160 2662 201 2692 banc
212 2663 262 2694 tenuit
274 2663 378 2701 sententiam,
391 2673 399 2693 a
412 2662 522 2694 laudatissimo
535 2664 633 2696 Renandotio
646 2666 684 2697 diss
699 2668 710 2699 l.
723 2669 743 2700 ad
756 2670 857 2704 Gennadium
870 2674 895 2705 lu-

45 2705 115 2736 culenter
130 2706 220 2737 refutatam.
247 2707 287 2738 Addi
303 2712 371 2748 possunt
388 2707 429 2739 Frid.
443 2708 502 2749 Spauh.
519 2708 534 2739 in
551 2709 589 2740 diss.
603 2710 622 2740 de
634 2710 673 2742 eccl.
687 2713 713 2744 Gr.
727 2718 742 2745 et
755 2714 816 2749 Orient.
829 2728 837 2749 a
849 2719 895 2751 Rom.

45 2749 113 2780 dissens.
125 2750 142 2780 P.
154 2747 196 2790 l.,§.
209 2750 224 2782 9.
238 2749 449 2793 to.r.rt.§.10.0pp.
466 2753 484 2783 Τ.
496 2752 516 2784 ll.
534 2754 562 2785 tol.
574 2754 606 2785 tut
620 2760 650 2786 eto.
667 2756 706 2789 505.
719 2758 752 2791 533
765 2771 789 2802 sq.
803 2763 829 2804 qni
842 2768 896 2795 tamen

46 2798 92 2832 errat,
106 2793 132 2825 uhi
145 2794 171 2833 ait,
184 2794 269 2835 epistolam
282 2796 301 2827 ad
313 2796 393 2828 bohemos
406 2798 446 2838 opud
456 2797 545 2837 thtrocrun
557 2799 577 2830 od
590 2800 646 2832 calcent
658 2804 734 2836 orationis
747 2816 812 2848 quoqne
826 2809 857 2849 lapi
876 2809 895 2840 ll.

45 2838 141 2870 whartonus
154 2842 169 2870 a
180 2839 198 2870 n.
211 2840 267 2872 cerras
280 2841 299 2871 aa
311 2843 328 2871 a.
342 2840 385 2872 raas
398 2846 413 2872 a
426 2841 474 2873 raas.
490 2843 553 2875 rana-a.
565 2843 582 2875 n.
595 2845 612 2877 c.
629 2845 646 2877 n.
659 2846 675 2878 5.
689 2848 706 2880 c.
719 2849 735 2882 5,
748 2861 764 2892 p,
777 2852 815 2885 aaa,
829 2836 867 2886 aet,
881 2859 897 2886 a

45 2882 118 2932 Heineee.
131 2883 141 2914 l.
155 2894 168 2915 e.
180 2883 193 2914 Ι.
205 2884 243 2916 224.
256 2884 294 2916 225.
307 2884 345 2916 232.
358 2884 396 2916 233.
408 2886 448 2918 dnh.
461 2897 477 2928 p.
490 2887 517 2919 66.
529 2893 552 2928 ut,
565 2898 606 2930 quae
618 2891 727 2927 Th.Smithus
740 2901 756 2929 et
767 2897 785 2929 R,
793 2898 849 2931 Simon
861 2900 897 2931 {1010

46 2926 150 2968 disputavere,
162 2933 248 2961 taceamus.

90 2973 106 3012 5)
118 2974 156 3005 Vide
168 2974 206 3006 diss.
219 2979 290 3008 nostram
303 2975 322 3007 dc
335 2985 378 3008 cons.
390 2980 421 3009 vet.
433 2977 479 3009 ench.
491 2974 508 3019 ἓ.
522 2978 548 3011 ll⁴
561 2989 577 3022 p.
590 2980 623 3014 418
636 2992 671 3026 sqq.
