1936 3304
294 200 318 226 an
334 199 435 228 aureuma
450 199 523 227 ancien
538 198 656 227 eviscerati.
867 191 908 230 515

53 302 158 351 postquam
182 296 277 337 sacerdos
298 299 358 339 vcrba
380 301 521 352 pronunciavit
542 300 576 340 illa
594 299 619 340 H.
638 299 661 339 E.
683 298 704 339 C.
719 299 744 339 ll.
766 299 790 340 Η.
806 300 829 341 Ε.
845 301 865 342 S.
880 301 907 342 tt.

54 353 106 402 Quid
129 352 190 404 igitur
212 354 372 396 concludendum
391 355 437 396 est?
466 357 537 398 Videat
556 357 641 398 Plalh'us
657 355 706 396 artis
722 355 839 398 dialecticae
854 359 908 411 peri·

54 410 149 451 tissimus.

111 466 149 506 Sed
170 465 235 518 inquit
249 467 338 515 Pialfius
355 469 441 508 tortasse
456 469 535 521 plenam
551 470 703 522 absolutamque
718 468 819 520 liturgiam
836 469 859 510 ab
874 471 906 511 lu·

54 523 106 564 stino
122 527 141 562 et
149 521 243 575 Dionysio
259 523 341 563 minime
357 525 477 577 descriptam
493 527 563 566 fuisse.
592 527 652 578 Erga,
668 527 750 578 inquam
767 537 811 576 ego,
827 526 844 565 si
857 527 907 566 omi-

54 584 123 620 serunt
138 574 264 635 ἐπίκλησιν,
279 592 320 619 nort
336 581 446 621 omiserunt
461 587 526 622 autem
542 583 601 623 verba
617 583 662 631 illa,
679 595 730 635 quae
745 582 822 622 faciunt
837 581 862 622 ad
876 583 908 622 in-

54 635 177 676 stitutionem
200 635 343 676 eucharistiae:
364 650 400 677 cur
413 650 454 677 non
469 640 507 678 erit
522 639 629 679 dicendum
644 635 761 695 talitano
776 638 800 678 ad
816 638 908 678 euchari-

54 693 103 733 stiae
118 691 227 732 essentiam
243 704 284 732 non
298 691 415 744 pertinere?
444 693 514 734 Nonne
529 700 550 735 tu
565 696 908 748 quoquePlat'fiputasconsecran-

55 757 92 790 tem
112 748 181 788 dehere
201 749 270 800 fucere
295 749 333 797 (sic
355 762 441 802 namque
465 751 543 802 scribit)
562 754 593 798 id,
618 753 670 805 quod
690 752 784 792 Christus
803 752 862 804 fecit,
892 751 908 791 l.

54 804 127 857 gratias
146 817 205 856 agere
225 809 244 844 et
262 805 393 854 benedicere,
424 806 449 846 ll.
469 808 529 847 verba
549 808 683 848 institutionis
698 805 800 848 recitare?
830 809 854 848 ln
870 820 908 859 qna

53 874 75 902 re
93 860 171 901 varium
190 860 313 913 dubiumque
334 868 353 902 te
372 874 428 910 esse,
448 875 489 903 nort
505 863 597 904 dicimus.
626 864 690 915 Igitur
705 877 766 916 quum
784 864 907 915 ignoremus,

54 917 126 970 quibas
145 917 211 957 verbis
226 917 352 959 benedixerit
366 919 457 959 Christus
473 924 493 960 et
508 920 582 970 gratias
598 920 667 972 egerit,
690 926 755 960 ratum
770 933 817 960 vero
832 921 907 960 habea-

53 986 98 1014 mus
111 973 179 1013 verbis
194 973 269 1014 Christi
284 975 426 1015 eucharistiam
442 977 567 1025 consecrari,
583 976 616 1016 illa
632 990 677 1017 esse
692 976 825 1017 institutionis
840 977 906 1024 verba,

55 1030 126 1083 quibus
142 1029 186 1086 ipsa
201 1031 224 1070 fit
239 1031 364 1080 eucharistia,
381 1044 493 1072 censemus.
524 1033 555 1073 Tu
569 1045 617 1073 vero
632 1029 653 1072 in
668 1033 734 1073 verbis
750 1033 863 1073 indicandis
876 1033 907 1073 in-

55 1086 165 1127 stitutionis
181 1086 262 1127 amitino
279 1100 339 1139 quum
355 1100 410 1128 erres
424 1089 543 1136 cunctando,
558 1089 682 1141 Pprrlionius
691 1101 701 1128 a
710 1089 769 1128 nobis
779 1090 822 1129 inre
831 1089 907 1140 optimo

54 1143 165 1194 meritoque
180 1143 295 1195 appellaris
325 1144 371 1183 Tibi
385 1156 471 1195 namque
487 1145 611 1196 exploratum
626 1157 672 1185 esse
688 1145 753 1191 debet,
770 1145 823 1196 quod
839 1150 907 1184 contra

56 1199 172 1239 Corderium
189 1200 293 1239 contendis
310 1212 333 1240 cx
349 1200 498 1251 Chrysostomo,
515 1213 575 1252 qturm
591 1201 686 1241 sacerdos
701 1201 774 1241 recitat
787 1212 848 1241 voces
864 1200 908 1241 illas

54 1255 78 1294 H.
93 1256 116 1295 E.
126 1255 147 1295 C.
157 1255 183 1296 ll.
200 1256 304 1296 Christum
316 1268 356 1309 per
372 1268 393 1297 os
409 1260 451 1296 cios
467 1256 598 1297 itaoisibih'ter
614 1257 674 1311 loqui.
703 1257 756 1308 Ergo
772 1269 833 1309 quum
848 1268 908 1297 voces

55 1311 99 1351 illas
115 1312 166 1359 edit,
182 1313 233 1362 gerit
248 1313 341 1353 sacerdos
356 1325 464 1364 personam
481 1313 562 1353 Christi.
591 1313 670 1353 Etenim
686 1313 753 1365 inquis
769 1314 801 1362 (de
817 1312 908 1353 Corderii

55 1373 171 1418 argumento
186 1372 256 1419 agens]
275 1381 336 1420 quum
352 1368 426 1409 Christi
442 1369 553 1421 exemplum
569 1369 640 1421 allegat
655 1369 738 1421 propria
752 1369 819 1409 vineta
835 1369 908 1416 caedit,

56 1437 115 1477 quum
135 1424 225 1465 Christus
248 1425 321 1476 gratias
344 1426 421 1475 agendo
444 1430 464 1464 et
484 1425 623 1465 benedicendo
643 1426 801 1474 consecraverit,
830 1437 908 1477 situque

55 1480 145 1533 exetttplc
161 1477 198 1521 nos
214 1481 242 1520 ita
257 1482 323 1522 lacere
338 1481 436 1521 docuerit.
466 1481 526 1533 atqui
541 1494 578 1521 nos
593 1494 702 1533 personam
710 1481 784 1521 Christi
798 1493 840 1521 non
855 1482 907 1531 geri-

55 1550 99 1577 mus
115 1550 175 1588 quum
190 1537 328 1577 hcnedicimus
344 1542 363 1577 et
377 1537 451 1588 gratias
467 1537 550 1587 agimus,
566 1537 908 1589 scdpersonamnarrantistristi

55 1593 135 1633 llonaini
150 1598 213 1645 gesta.
243 1594 305 1645 Igitur
320 1599 354 1633 ant
368 1593 507 1633 benedicendo
523 1607 564 1633 noir
580 1605 732 1642 corrsecramus,
754 1599 774 1633 et
789 1594 818 1633 sic
833 1593 908 1633 Christi

56 1650 167 1702 oxetnplum
183 1655 214 1689 est
229 1650 297 1698 lutile;
313 1656 346 1689 aut
362 1649 434 1690 Christi
450 1650 523 1689 trustra
538 1662 647 1701 personam
662 1650 759 1701 gerimus
775 1649 836 1689 etita
852 1650 908 1689 leitila

55 1705 164 1745 intenderit
178 1707 289 1758 exemplam
305 1705 386 1745 Christi.
417 1707 483 1753 Quare
499 1707 541 1745 sive
556 1719 605 1745 usus
621 1707 681 1745 luerit
689 1706 787 1753 Christus,
802 1718 875 1757 panem
888 1706 909 1744 in

56 1762 124 1802 ultima
144 1774 207 1807 coena
227 1774 287 1814 quum
306 1761 418 1810 benedixit,
441 1766 537 1802 consueta
551 1762 671 1802 ludaeorum
690 1761 844 1809 benedictione,
867 1761 909 1815 sisa

56 1818 153 1870 peculiari
172 1818 211 1858 alia
230 1819 324 1870 quadarn,
346 1830 406 1870 quum
422 1818 447 1857 ad
462 1819 620 1858 consecrandum
635 1818 722 1869 primam
736 1818 802 1858 facere
817 1829 858 1857 non
872 1820 909 1869 pol

56 1875 121 1921 tuerit,
137 1875 182 1926 ipso
198 1874 283 1925 ingenue
298 1874 460 1922 latentePlaifio,
476 1874 538 1915 altera
552 1887 600 1914 vero
615 1875 674 1926 plane
687 1874 773 1913 obscura
781 1873 813 1919 sit,
828 1874 909 1913 neruine

57 1931 80 1969 de
96 1944 119 1971 ea
134 1931 253 1974 disserente.
270 1936 300 1970 est
314 1930 385 1982 procul
401 1930 462 1970 dubio
478 1930 593 1976 tenendum,
609 1930 691 1969 minime
708 1941 838 1968 consecrasse
847 1928 909 1968 bene-

58 1986 149 2027 dicendo.
179 1987 238 2035 Quod
254 1987 271 2026 si
286 1986 313 2026 ita
323 1987 413 2026 Christus
429 1998 469 2025 nou
485 1985 616 2034 consecravit,
633 1986 681 2036 quid
697 1992 733 2031 est.
749 1985 908 2024 cardicatPlaf-

58 2043 104 2091 aas,
127 2044 230 2095 apostolos
249 2043 304 2082 brevi
325 2054 466 2090 consecrasse,
488 2041 589 2093 pertinere
608 2042 632 2081 ad
653 2041 760 2081 essentiam
777 2040 909 2081 eucharistiae

58 2111 117 2150 quum
132 2099 233 2139 existimet
246 2098 413 2143 benedictionem
429 2098 537 2148 gratiarum
552 2097 651 2138 actionem
666 2102 687 2136 et
697 2097 818 2136 dominicam
834 2097 909 2136 oratio-

58 2166 108 2203 nem‚
125 2169 175 2207 quae
191 2160 244 2196 certe
259 2168 299 2195 non
315 2155 342 2194 ita
357 2154 426 2207 paucis
441 2153 485 2194 fieri
501 2160 581 2206 queunt,
596 2158 618 2193 ut
632 2153 688 2193 brevi
701 2153 794 2205 apostoli,
812 2153 908 2204 etpaucis

58 2212 208 2252 consecravisse
223 2209 329 2251 dicantur?

115 2268 239 2320 Quamquam
262 2274 328 2307 autem
350 2265 488 2307 testimonium
507 2265 580 2306 lustini
601 2266 649 2305 satis
668 2276 768 2316 superque
789 2263 909 2314 exagitatum

59 2323 128 2363 ttierit:
142 2324 292 2364 tamenhlalleii
306 2323 419 2363 doctissimi
433 2328 530 2374 perpetuo
538 2321 629 2372 vestigiis
636 2320 770 2366 inhaerentes,
785 2320 853 2371 placet
860 2319 909 2359 illud

60 2390 127 2419 rursus
146 2380 167 2420 in
186 2380 274 2420 medium
292 2392 375 2427 vocare,
396 2385 456 2431 atque
471 2378 495 2419 ah
511 2377 674 2418 accusationibus
689 2376 766 2423 Flami,
790 2387 826 2415 seu
840 2375 909 2427 potins

59 2434 115 2475 falsis
129 2436 328 2488 interpretationibus
342 2434 451 2479 vindicare,

115 2492 202 2532 Iustinus
218 2497 283 2532 autem
298 2493 336 2532 hac
351 2492 375 2531 de
390 2504 412 2532 re
428 2503 489 2542 agens
504 2490 531 2530 ita
547 2489 626 2529 scribit:
643 2489 705 2536 „Non
721 2487 774 2527 enim
789 2492 910 2527 utcommu-

60 2545 105 2586 uem
119 2560 198 2599 panem,
213 2561 279 2601 neque
295 2560 420 2588 communem
436 2552 504 2598 potum
519 2546 570 2585 baec
578 2545 681 2592 sumimus,
697 2544 732 2583 sed
741 2543 911 2594 quemadmodum

59 2613 95 2653 per
112 2605 195 2644 verbum
209 2605 246 2645 Dei
266 2605 380 2644 incarnatus
395 2604 451 2643 lesus
468 2602 558 2642 Christus
574 2601 664 2641 Salvator
678 2605 747 2639 noster
762 2604 782 2638 et
796 2610 877 2639 carnem
893 2606 912 2640 et

61 2659 176 2709 sangninem
190 2673 227 2712 pro
244 2661 308 2700 salute
322 2665 392 2700 nostra
406 2658 485 2705 babuit,
505 2658 534 2697 sic
550 2657 608 2696 etiam
623 2668 660 2708 per
676 2658 789 2697 orationem
803 2656 859 2695 verbi
875 2656 911 2696 uei

61 2712 84 2752 ab
107 2716 151 2767 ipso
171 2715 313 2756 eucharistiam
327 2716 399 2755 tactam
416 2714 491 2760 cibum,
513 2725 590 2764 eiquo
606 2712 687 2762 sanguis
707 2718 727 2750 et
742 2723 814 2751 carnes
829 2718 911 2752 nostrae

60 2780 96 2820 per
114 2772 244 2812 mutationem
263 2771 351 2819 aluntur,
374 2770 427 2810 illius
445 2768 543 2809 incarnati
558 2769 604 2808 Iesu
623 2772 643 2807 et
662 2779 741 2807 carnem
758 2772 778 2806 et
792 2767 912 2819 sanguinem

62 2835 106 2865 esse
128 2828 193 2867 edocti
217 2831 307 2867 svrnaus.“
343 2826 407 2865 Verba
428 2830 494 2864 autem
513 2824 546 2863 illa
567 2836 606 2876 per
633 2827 746 2863 oraticnem
768 2823 912 2876 interpretatur

60 2878 142 2922 Plalfius
158 2884 182 2923 de
198 2883 295 2929 oratione,
311 2894 370 2933 quam
384 2880 455 2920 habuit
463 2879 553 2919 Christus
569 2892 628 2930 quum
644 2879 718 2929 gratias
727 2879 774 2930 egit,
788 2892 857 2919 verum
865 2892 911 2931 per-

61 2946 136 2985 peram,
151 2939 218 2990 inquit
228 2938 326 2977 hlatieius.
355 2937 405 2976 Nam
419 2936 440 2975 in
456 2934 525 2975 eadem
541 2935 633 2986 apologia
649 2936 704 2975 addit
717 2935 814 2976 Iustinus.
844 2934 911 2986 „tipo-

62 2992 107 3031 stoli
124 2994 212 3039 enimin
228 2992 377 3033 commentariis
393 2992 442 3039 suis,
459 3003 509 3042 quae
525 2991 626 3042 evangelia
641 2991 741 3039 dicuutur,
756 2992 785 3033 ita
799 2992 911 3031 sibilesnm

729 3048 772 3089 33*
