1936 3304
81 194 122 235 318
342 208 386 236 auu.
402 208 499 235 nassonrr
514 207 646 235 orsscnmmo
662 207 685 234 111

81 311 174 348 auctores
188 321 235 348 non
251 320 273 348 oe
285 309 420 361 perpetuitate
434 307 483 360 fidei
496 307 588 348 ecclesiae
603 307 713 348 cethett'eee
725 309 932 356 cciceeoceeristiem,

81 365 139 405 Tem.
155 378 185 405 111.
201 365 236 404 hh.
252 378 266 404 1.
290 376 306 403 c.
321 365 341 404 2.
364 369 384 403 et
402 364 460 403 Tem.
475 377 497 403 ιι,
516 364 552 404 lib.
566 377 585 403 v.
607 377 624 404 c.
641 364 674 404 te.
690 365 723 405 11.
740 370 760 405 et
778 377 834 416 seqq.
860 364 933 406 Paua

82 422 178 463 duntaxat
193 423 299 462 ohservare
314 433 350 473 pro
370 420 462 460 instituto
483 421 575 462 sufficiat.
605 422 634 461 ac
647 428 670 461 ut
684 434 695 461 a
710 421 820 474 posteriori
835 421 931 468 exordiar,

81 480 127 532 pari
142 479 185 520 iure
201 478 240 518 diei
255 479 329 530 peterit
345 489 417 528 agmini
431 479 547 530 paschalem
563 478 639 519 ihmbus
654 477 714 518 rebus
730 485 832 526 constare,
853 478 932 519 aninrah

83 537 170 589 quodam
186 543 205 575 et
219 535 310 580 transitu,
327 547 372 582 seu,
389 535 406 575 si
421 536 490 585 naevis,
506 535 581 575 Christi
596 548 692 588 corpore3
708 541 785 587 petrem
800 535 884 584 deserti,
904 535 932 576 la-

82 594 130 646 pide
149 598 241 632 censtare
256 598 276 631 et.
291 592 381 639 Christo·7
396 605 528 632 nrarrnoream
545 594 636 633 Caesaris
651 592 758 643 imaginem
774 598 866 633 constare
881 605 933 632 mar-

82 664 138 690 more
154 656 173 688 et
188 649 272 689 Caesare
288 656 325 690 etc.
355 648 431 701 Nempe
445 649 534 689 insulsus
550 650 576 689 sit
591 650 682 701 quisquis
691 649 800 689 asseruerit
809 654 871 690 totum
878 649 934 695 illud,

84 707 136 760 (qued
152 709 399 754 eerrrtemttereavocam,
422 719 464 746 rem
483 706 577 746 videlicet
595 707 616 746 in
632 720 653 746 se
668 719 738 753 arnaria,
762 719 812 758 quac
827 711 894 746 tamen
909 707 933 746 ad

83 764 141 804 aliam
156 764 247 810 refertur,
264 775 348 815 reatuque
363 762 469 814 significat,
486 764 561 803 (triatrus
577 771 669 803 constare
684 762 781 816 partibus,
798 775 879 814 quarum
895 775 934 802 uria

83 822 110 860 sit
124 832 157 859 res
172 819 297 870 significans,
318 820 378 858 altera
398 833 431 859 res
446 820 565 871 significata.
594 820 652 860 Nutha
667 833 709 867 res,
730 832 780 871 (puae
795 824 858 859 totum
874 819 932 860 eolle-

84 881 157 918 ctiorea
171 889 212 916 non
229 877 260 923 sit,
277 877 329 927 quod
345 882 398 916 certe
415 877 535 917 eucharistia
551 890 592 916 non
607 883 643 925 est,
660 877 720 917 altera
735 890 757 916 re
772 882 867 928 tanquam
876 882 933 928 parto

84 938 177 974 constare
193 933 271 980 dicitur,
288 946 339 984 quae
355 933 434 980 absens,
451 939 470 973 et
485 941 540 974 extra
555 934 620 986 ipsam
635 933 667 973 sit.

140 989 174 1030 86.
203 990 244 1030 Nec
259 990 325 1029 minus
341 991 427 1030 absurda
443 990 505 1031 attera
520 990 633 1042 explicatio,
650 1003 708 1042 quam
723 989 837 1029 adsciscere
853 989 893 1029 sihi
908 989 932 1029 ci.

84 1047 157 1088 Grahio
172 1046 254 1098 placuit.
283 1047 424 1098 theoterrpiam
444 1048 496 1098 qued
516 1048 568 1087 enim
588 1047 724 1087 ceirnnentitia
739 1047 773 1086 ilia
787 1046 860 1093 uirtus,
877 1059 930 1086 arc·-

84 1104 207 1144 centiorihus
223 1104 334 1154 excogitata
349 1104 453 1149 macuta.
468 1105 505 1144 toti
520 1110 574 1144 retro
590 1104 703 1156 antiquitati
717 1105 785 1153 ignota
802 1102 933 1155 sempersuit⁷

85 1173 108 1201 ac
122 1174 148 1199 nc
162 1160 193 1199 vu
208 1160 331 1199 ieadssimum
347 1161 427 1211 quidem
442 1161 503 1200 haime
518 1161 667 1201 hurdamentum
682 1160 702 1201 in
718 1159 822 1212 Scriptura
838 1167 857 1199 et
871 1160 924 1211 patri

84 1217 134 1268 hos3
149 1222 288 1269 praeterquam
304 1218 357 1269 (qued
372 1218 479 1257 ahsurdmn
496 1225 526 1258 est
541 1231 631 1258 asserere
647 1215 846 1269 corporanestraali‚
862 1215 934 1256 niariri

85 1280 105 1315 et
119 1274 188 1325 augeri
202 1274 275 1313 uirtute
290 1275 374 1325 quadam
390 1288 401 1314 a
417 1274 491 1314 Christi
507 1286 591 1327 corpore
606 1280 708 1327 separata3
728 1286 750 1313 ca
766 1279 819 1313 stare
834 1273 888 1313 riulia
902 1285 934 1313 ra-

84 1332 140 1371 tiene
155 1337 222 1381 potest
237 1343 282 1370 curra
297 1331 373 1370 henaei
389 1344 451 1383 scopo
475 1338 494 1371 et
513 1337 639 1382 argrunemo,
658 1331 751 1383 superius
770 1329 878 1382 expositis3
896 1342 934 1370 nce

84 1388 132 1427 hinc
150 1387 225 1427 inferre
244 1400 331 1438 irirquam
350 1388 416 1438 potnit
434 1401 450 1427 s.
466 1388 536 1427 docter
551 1394 591 1428 tum
606 1388 702 1428 iuuenem
716 1387 860 1439 hppestaticam
875 1386 934 1426 Verhi

85 1444 147 1485 etvini
162 1457 207 1484 ertia
221 1444 307 1483 lriimana
315 1444 388 1484 Christi
404 1451 480 1492 natura,
496 1450 537 1484 turn
553 1458 660 1496 corporum
674 1450 789 1484 nostrerum
803 1443 934 1483 resurreetio-

84 1514 137 1541 nem.
167 1501 250 1549 Nostro,
266 1501 337 1552 inquit.
353 1504 453 1541 sententie
469 1513 582 1541 eeaseaeas
598 1509 627 1541 est
641 1502 801 1541 ecetertstteeet
811 1501 934 1541 erieherist'e

85 1571 160 1599 rietatis
181 1558 288 1610 confirmet
307 1562 426 1598 serrteatime
439 1565 539 1598 cestrum.
571 1558 679 1611 Offerriracs
699 1562 750 1598 ereha
764 1559 806 1598 Deo
822 1570 871 1610 qaue
887 1565 934 1597 strat

85 1618 135 1662 eius,
150 1627 183 1654 ros
197 1614 292 1654 videlicet
305 1615 329 1653 ah
346 1628 369 1654 ee
385 1615 483 1663 conditas,
499 1622 634 1667 conpetenter
649 1618 805 1655 eerrmaou‘eaere
813 1622 832 1654 et
840 1618 935 1654 terrionem

83 1672 236 1725 praedicentem
253 1684 336 1722 tqiiaiarm
351 1684 422 1720 return,
439 1669 529 1723 quaese?
558 1673 587 1711 An
603 1672 692 1724 spiritus,
708 1671 935 1712 seuauimaehumanae

86 1741 131 1768 cirria
147 1726 221 1768 earne?
251 1728 290 1768 Sed
305 1728 375 1768 irarum
391 1741 457 1769 rernm
473 1728 568 1769 unionem
583 1734 602 1768 et
618 1729 825 1769 cemmunionemnon
836 1728 936 1778 negabant

87 1784 184 1825 Gnostici.
213 1785 243 1824 dn
264 1785 343 1824 virtutis
359 1785 433 1825 Christi
454 1785 545 1837 corperis
565 1798 610 1824 cirne
627 1783 694 1838 panc?
724 1786 763 1825 Sed
783 1785 829 1837 quid
844 1785 895 1825 haec
910 1786 934 1824 ad

85 1841 164 1882 irenaei
179 1853 269 1893 scopum,
285 1854 307 1880 ex
324 1842 456 1882 eiiclraristiae
471 1843 510 1882 tide
525 1843 667 1890 confirmantis
684 1842 934 1895 [predanteaprehaverat.

86 1899 187 1939 Christum
205 1911 250 1938 esse
269 1898 333 1949 ipsius
352 1899 421 1938 riiaindi
437 1899 562 1939 fabricatoris
577 1899 650 1946 filiunt,
670 1899 690 1939 id
711 1906 750 1947 est,
772 1899 858 1938 ter-eum
877 1896 935 1938 eius‘?

85 1955 164 2007 Ergone
180 1954 226 2007 quia
241 1955 303 1995 uirtus
319 1955 392 1996 Christi
408 1956 499 2007 corperis
513 1957 582 1996 urtitm·
596 1969 641 1996 cirria
656 1969 714 2008 pane,
730 1957 777 1996 hinc
790 1955 935 2007 conhoipotest

85 2013 171 2052 Verhum
188 2024 231 2051 cirri]
248 2024 344 2064 corporea
360 2012 434 2053 Christi
450 2019 519 2052 natura
528 2013 686 2053 sulmtantialiter
695 2013 770 2052 [irritum
779 2010 857 2052 tuisse?
871 2012 934 2051 [mare

85 2069 153 2122 potiris
173 2070 295 2108 contrarium
314 2069 404 2110 intulerit
419 2070 525 2109 Cnosticus
542 2076 561 2110 et
576 2070 656 2110 dixerit:
677 2070 845 2122 (perornadmodum
860 2069 934 2109 Christi

87 2138 160 2178 eorpus
175 2126 196 2164 iu
211 2126 331 2166 eucharistia
346 2139 391 2166 cum
405 2140 457 2179 pane
472 2127 540 2167 territur
555 2127 644 2167 eiticacia
659 2132 724 2175 tenus,
739 2139 780 2167 nen
795 2139 828 2175 re·‚
844 2126 874 2166 sic
887 2125 934 2165 Ver-

85 2183 132 2223 hum
148 2183 236 2222 (diuinum
251 2196 296 2222 cum
311 2183 396 2223 Domino
412 2189 481 2223 nestro
496 2183 573 2224 ueritum
588 2183 650 2223 tuisse
666 2184 772 2224 etttciemia
788 2190 846 2223 tenus
862 2187 882 2222 et
895 2182 935 2222 vir-

85 2245 133 2287 tute,
149 2252 190 2279 non
206 2239 328 2287 substantia3
345 2253 395 2291 quae
411 2240 454 2291 ipsa
471 2248 513 2280 erat
527 2241 746 2292 impierumhominum
756 2239 860 2287 sententia,
876 2252 935 2291 quam

85 2296 137 2336 hene
153 2309 198 2335 cum
213 2296 346 2336 euclmristiae
361 2296 400 2336 tide
416 2297 530 2336 consentire
543 2297 615 2336 nierito
631 2297 789 2337 contendissent.
818 2297 881 2347 Igitur
895 2295 935 2336 arisi

85 2353 136 2393 haec
151 2353 223 2393 fuisset
238 2352 315 2393 irenaei
331 2358 350 2393 et
365 2353 513 2393 Catholicorum
529 2354 618 2393 omnium
631 2354 692 2402 tides⁷
712 2353 795 2394 Verhiun
811 2353 899 2393 diuinum
914 2354 935 2392 in

86 2410 208 2450 eucharistia
223 2409 382 2449 substantialiter
396 2409 449 2450 mmi
464 2423 508 2450 euin
524 2410 549 2450 iis
566 2423 616 2463 quae
631 2424 642 2450 a
657 2411 697 2451 Deo
713 2411 793 2451 condita
809 2415 864 2458 sunt,
882 2422 935 2462 parm

87 2467 164 2507 scilieet
179 2466 268 2515 ctrina,
289 2479 329 2506 neri
350 2466 430 2518 quidem
450 2466 470 2506 in
485 2468 567 2519 propria
582 2467 693 2508 substantia
707 2468 766 2520 panis
782 2474 801 2507 et
816 2467 856 2507 vini
870 2479 934 2506 rema-

86 2523 187 2571 nentibus,
203 2523 239 2563 sed
252 2537 299 2564 vere
314 2524 451 2564 transrmrtatis
467 2525 488 2563 in
497 2524 570 2564 Christi
587 2536 658 2577 corpus
674 2532 694 2564 et
708 2525 831 2574 sacgmcem,
847 2523 935 2575 pessime

88 2580 234 2621 Catholicorum
250 2593 341 2620 caussam
357 2581 432 2631 egisset
445 2581 547 2621 irenaeus,
577 2581 616 2627 Sic,
633 2582 818 2629 additvirsanctus,
832 2580 935 2621 efferimus

87 2638 127 2677 Deo
144 2650 194 2689 (prae
210 2637 320 2685 curamus,
336 2643 357 2677 ut
372 2638 431 2677 etiam
446 2638 614 2678 resurrectionem
630 2638 696 2678 carnis
712 2644 732 2678 et
746 2638 829 2689 spiritus
840 2637 934 2677 confitea-

87 2707 141 2740 mur,
163 2695 252 2746 haecque
272 2703 340 2734 nostra
364 2694 463 2735 sententia
482 2708 506 2734 ea
525 2694 646 2735 eucharistia
665 2696 799 2735 coritirmetur.
834 2695 873 2735 Cur
891 2691 934 2733 ita?

87 2753 117 2791 Aa
137 2752 190 2802 quod
205 2751 296 2791 Christus
315 2752 407 2803 eorporis
427 2751 457 2790 sui
471 2752 565 2791 uirtutem
579 2752 635 2803 pierii,
656 2752 689 2804 qui
704 2752 763 2791 nohis
778 2752 800 2790 in
815 2750 935 2790 eucharistia

86 2807 201 2860 porrigitur,
217 2807 334 2860 impertiat?
364 2808 404 2847 Sed
420 2813 495 2847 tantum
510 2809 573 2855 ahest,
588 2815 610 2847 ut
622 2808 846 2860 hincproheturcarnis
855 2815 935 2847 nostrae

87 2864 215 2911 resurrectio.
230 2872 252 2904 ut
266 2865 333 2916 petius
349 2878 391 2905 eant
408 2865 474 2905 acrius
488 2866 604 2917 impugnare
613 2866 701 2917 potuerit
711 2865 831 2905 haereticus.
862 2865 935 2913 Quem-

89 2921 194 2961 admodum
217 2921 280 2969 etaim⁷
303 2922 384 2967 dixerit,
405 2922 495 2962 Christus
515 2922 534 2961 ia
555 2923 674 2962 eucharistia
691 2922 722 2962 sui
738 2922 828 2974 corporis
842 2922 936 2961 virtutem

88 2979 237 3018 communicans
253 2978 306 3030 paru,
321 2980 374 3018 hum
390 2986 456 3019 tamen
471 2979 552 3032 propria
568 2980 607 3019 sihi
622 2982 680 3032 pratris
696 2979 807 3019 substantia
822 2977 934 3023 noneuuit3

89 3041 108 3075 et
124 3036 289 3086 quemadmodum
305 3035 352 3075 ticet
367 3048 424 3076 sittim
440 3049 484 3076 esse
501 3048 573 3089 corpus
589 3038 712 3085 cetthteatur.
727 3036 748 3076 in
755 3036 859 3089 preprium
869 3042 936 3076 tamen
