1936 3304
255 181 355 210 nuuoaus
373 180 483 210 mscreunrs
500 178 580 207 rsrrru
596 177 685 207 scuram.
858 169 900 210 465

47 287 89 326 or'ce
112 285 136 338 os
155 283 187 324 tlte
201 282 249 336 first
263 281 347 335 Errqlr'sb
361 281 462 337 reforra’d
476 281 561 332 Litoryy
580 279 677 331 compilat
693 280 717 331 by
732 280 764 321 tbo
777 281 864 334 Br'sbops
879 284 901 322 r'u

48 342 80 383 tiro
94 343 113 383 2.
131 340 172 381 cred
186 340 205 380 3.
219 350 280 390 years
296 340 320 391 of
333 338 365 379 tle
379 342 437 390 rerba
453 339 478 391 of
488 337 542 389 Kr'rcy
556 336 642 377 corioro
659 335 690 376 Vl.
712 336 748 376 sed
765 338 862 377 refutatus
878 338 900 378 in

47 399 86 439 alio
103 396 196 449 quodam,
213 394 247 446 qui
261 394 388 435 inscribitur:
403 394 434 435 No
450 407 525 435 reason
539 395 576 447 sor·
591 396 696 444 restoring
712 393 744 433 tlte
756 406 844 445 prayers
860 395 901 435 ouri

48 456 156 495 directions
179 451 204 503 of
215 451 303 491 btuuro
319 451 362 491 Vl's
381 451 430 503 first
444 449 528 503 litoreo
544 451 569 502 by
583 463 596 490 o
610 449 739 500 Nou-juror.
770 449 864 497 Quinimo
880 458 901 491 et

46 511 111 563 prima
126 509 176 548 haec
190 507 278 547 Eduardi
292 508 323 547 VI.
338 507 417 558 liturgia
432 507 497 547 denuo
512 506 599 559 prodiit,
619 506 647 547 ita
662 506 830 558 inscripta:ije
844 508 900 559 form

48 567 88 607 ono
101 576 188 605 utentior
203 564 227 615 of
240 566 378 614 consecratum
393 564 433 603 ocri
448 564 591 615 odraircr'strr‘rt9
605 563 637 603 tlec
654 563 701 615 boly
717 565 850 610 communiore,
866 575 901 602 oc-

48 622 130 673 corr'tr'rco
145 627 165 660 to
182 620 213 660 tlte
227 619 311 672 Ltturyy
326 620 351 671 of
362 618 415 670 Kr'ao
429 619 518 659 Edwerot
534 619 565 659 VI.
582 619 647 660 calloel
660 620 692 660 tlte
707 619 758 660 ooot
774 619 799 671 of
812 631 901 659 cortraco

44 690 124 731 prayer
139 677 180 717 eoo
194 676 358 717 odorrtulstrotr'ou
366 676 391 727 of
397 676 428 715 tlte
436 683 561 716 sacrorneuts
569 676 610 715 erut
618 679 738 716 oereruocr'es
748 676 773 728 of
778 676 810 716 tbe
820 675 902 718 Clurclr

47 735 103 786 oster
122 733 153 774 tlte
171 744 207 772 uso
225 731 395 782 attrectaret
415 732 549 784 ofEuolorod.
579 732 666 779 London
681 735 743 775 1717.
759 733 779 774 8.
808 731 901 784 Denique

46 790 116 843 paucis
132 789 202 829 saltem
217 786 329 836 adimimus,
344 787 440 827 Picartlcs
456 801 535 840 quoque
550 788 592 827 sive
606 788 726 829 Waldenses
741 788 837 840 precibus
852 788 901 828 olim

47 857 186 893 consecrasse,
207 843 279 895 quibus
296 844 360 884 Deum
378 850 483 896 rogarunt,
503 851 527 884 ut
542 856 617 896 portem
633 858 708 897 corpus
724 845 802 886 Christi
814 846 899 898 faceret,

46 907 170 942 memorante
185 900 327 940 Seelendorfio
342 901 363 940 in
377 900 520 940 Histor.Lutb.
537 900 621 940 scholiis
636 901 679 941 sive
693 902 759 953 suppl.
775 902 800 941 ad
815 901 877 941 indic.
886 914 900 940 1.

47 971 102 998 nurn.
118 959 152 1000 58.
167 968 216 996 voce
231 955 361 996 Picarrlorum
377 956 414 996 eol.
431 958 451 998 2.
471 956 492 996 id
507 956 560 1007 quod
576 961 596 996 et
611 958 716 997 confirmat
731 957 795 997 Guido
811 958 836 998 de
850 958 900 998 Por-

46 1014 129 1066 piniano
143 1013 188 1053 Lib.
204 1014 223 1053 9.
240 1012 263 1052 de
278 1013 407 1059 haeresibus,
424 1012 458 1064 qui
472 1019 551 1059 narrat,
567 1024 602 1051 eos
617 1025 659 1052 non
672 1026 709 1065 per
724 1014 784 1054 verba
799 1014 823 1054 H.
838 1014 862 1054 E.
877 1014 900 1053 E.

48 1072 69 1111 C.
85 1071 110 1110 bl.
126 1070 161 1110 sed
176 1069 338 1123 per-orationem
353 1068 480 1108 Dominicam
494 1068 570 1119 septies
584 1070 690 1119 repetitam
710 1082 852 1118 consecrasse,
873 1069 900 1109 si-

47 1127 100 1167 lente
115 1131 188 1173 tamen,
203 1124 224 1164 id
240 1125 373 1175 quodmirum
382 1129 419 1171 est,
434 1124 488 1163 bunc
494 1123 585 1175 ipsorum
593 1136 688 1173 errorem,
701 1125 735 1176 qui
744 1131 823 1166 ceteros
830 1138 901 1168 omnes.

48 1183 153 1234 diligenter
167 1185 265 1228 recenset,
280 1180 348 1221 Aenea
363 1179 437 1232 Sylrio.
465 1179 502 1219 Ast
516 1179 615 1219 calamum
628 1180 663 1221 hic
677 1180 778 1233 ponimus.
