1936 3304
50 203 92 244 362
128 214 215 243 tvatcull
225 215 250 243 DE
261 204 373 243 duraturum
383 214 463 242 tuEuxEI
475 213 544 242 OPERIS
553 214 596 242 hDV.
606 214 665 243 unuh.
676 214 824 243 COMMENTATIO.

50 314 99 361 tire,
122 314 231 366 quemlibet
253 313 351 365 intelliges
371 313 455 353 honoris
473 314 520 367 quid
539 320 572 354 aut
587 315 700 355 ornamenti
716 315 758 355 suis
773 313 903 366 opinionibus

51 383 139 422 suaeque
159 371 242 411 factioni
258 383 280 411 ex
296 375 350 410 tanto
366 370 447 409 nonime
464 370 584 411 conciliandi
600 383 645 410 esse
660 372 783 418 studiosarum
804 371 904 411 nemiuem

50 432 117 467 tamen
132 427 179 467 novi
194 428 219 467 de
234 426 351 476 colligendis
371 426 537 480 declarandisque
553 427 629 467 caussis
645 428 743 478 cogitare,
763 440 799 467 cur
813 427 903 467 testimo-

50 483 91 523 niis
106 484 184 523 Ireuaei
200 484 227 523 sit
241 482 369 523 credendum.

109 540 244 591 Quaecunque
263 539 302 578 hac
321 538 345 578 de
364 551 385 578 re
401 538 441 578 dici
459 544 557 591 possunt,
576 539 678 591 pertinent
693 540 718 579 ad
733 539 821 592 quinque
837 544 905 579 contra

50 596 146 636 haereses
161 596 235 643 libros,
257 607 307 647 quos
322 594 387 634 nostis
403 596 491 644 lrcnaei,
510 596 673 647 Lugdunensium
688 609 791 636 sacrorum
806 595 905 648 praesulis

52 653 132 692 saeculo
156 651 260 692 aChristo
283 657 329 690 nato
353 652 441 691 secundo
458 652 512 699 clari,
529 652 625 703 [nentina]
642 653 714 691 ornari.
744 652 772 691 lle
787 652 819 691 his
834 664 904 703 pauca,

52 721 103 760 quae
118 708 165 748 huie
180 707 311 760 disputationi
326 707 391 748 lucem
410 709 521 760 spondent,
540 721 672 760 praemonere
690 709 746 749 libet.
777 708 851 748 Graece
870 721 905 748 eos

52 764 139 816 scriptos
158 777 213 812 csse,
229 776 288 805 nemo
303 771 373 804 nostra
388 770 452 804 aetate
467 764 558 816 negabit,
574 778 611 805 nec
626 765 724 805 dubitabit
739 764 829 816 quidem,
845 765 905 804 modo

52 821 70 860 si
90 821 154 860 oculis
174 821 216 861 suis
232 821 278 860 illos
292 833 380 872 uuquam
395 822 530 873 usurpaverit,
554 827 573 861 et
588 822 625 861 alia
640 821 670 861 rei
685 827 800 873 argumenta
815 821 907 861 habuerit

53 877 143 928 cognita,
160 890 211 929 quae
226 876 280 917 docti
293 876 331 916 viri
346 877 457 917 luculenter
472 884 613 930 exposuerunt.
625 875 639 928 1)

108 933 215 973 Perierunt
230 933 309 985 quidem
325 945 401 983 graeca,
417 933 444 973 ita
458 939 486 981 ut,
503 939 598 985 quantum
613 933 711 981 novimus,
726 933 793 973 nullus
808 933 829 972 in
842 933 906 972 Euro-

52 1002 90 1042 pae
105 989 232 1029 bibliothecis
248 989 337 1040 supersit
352 989 419 1037 codex,
436 990 470 1042 qui
485 990 554 1030 eadem
570 989 663 1030 exhibeat
678 989 768 1040 iutegra3
788 1002 826 1029 nec
841 994 907 1029 tamen

53 1045 156 1098 perierunt
171 1046 248 1094 onrnia,
266 1045 301 1084 scd
316 1045 337 1084 in
353 1046 437 1085 aliorum
452 1046 573 1098 scriptorum
588 1057 706 1096 graecorum
720 1046 849 1085 monimentis
864 1058 907 1085 ser-

52 1107 109 1142 vatae
125 1107 171 1142 sunt
186 1102 275 1153 insignes
291 1102 357 1151 graeci
374 1107 437 1142 textus
453 1107 528 1155 partes,
543 1103 603 1142 modo
619 1102 722 1142 breviores
729 1101 789 1142 modo
797 1101 906 1153 longiores,

53 1171 103 1210 quas
124 1158 206 1198 salutari
227 1158 312 1198 consilio
335 1158 435 1198 aGrabio
458 1164 478 1199 et
491 1159 592 1199 llassueto
608 1158 761 1209 diligentissime
777 1158 872 1198 collectas
888 1164 907 1199 et

54 1214 131 1255 Latinis
154 1215 256 1266 adpositas
270 1214 368 1254 videmus.
400 1215 477 1255 Utimur
491 1227 538 1266 ergo
554 1214 704 1267 opportunitate
719 1215 743 1254 de
758 1215 834 1254 lrcnaei
850 1215 907 1255 libris

54 1283 96 1311 non
111 1284 135 1311 ex
150 1271 193 1311 sola
207 1284 277 1312 eorum
291 1271 393 1319 versione,
417 1272 470 1324 quod
484 1284 591 1325 perperam
605 1271 696 1311 nonnulli
711 1271 849 1324 suspicantur,
872 1272 908 1312 sed

55 1340 79 1367 ex
94 1328 183 1367 lontibus
199 1328 250 1380 ipsis
265 1327 374 1368 iudicandi.

112 1384 183 1423 Totius
205 1397 252 1424 vero
268 1384 335 1435 operis
350 1383 416 1423 versio
431 1383 465 1424 illa
480 1383 558 1435 integra
573 1383 598 1423 ad
612 1390 702 1423 nostram
717 1383 807 1435 pervenit
823 1388 908 1424 aetatem

55 1444 75 1479 et
94 1439 115 1479 iu
132 1440 225 1480 marubus
241 1440 330 1480 ourrrium
344 1446 441 1480 versatur.
472 1440 562 1488 Quonam
577 1446 668 1491 tempore
684 1441 753 1480 eadem
769 1440 860 1480 contecta
875 1440 908 1488 sit,

53 1508 146 1546 magnam
160 1497 221 1536 habet
236 1496 387 1537 drdvitationem.
417 1496 474 1536 blulti
490 1509 533 1536 eam
548 1496 609 1537 aetati
624 1497 707 1544 lrenaei,
725 1497 764 1535 hoc
779 1501 816 1543 est,
832 1496 908 1537 saeculi

55 1552 138 1592 secundi
153 1552 196 1600 filii,
213 1553 243 1592 vel
259 1552 314 1592 tertii
328 1552 402 1600 initiis,
424 1558 495 1604 putant
510 1565 555 1592 esse
570 1553 683 1604 aequalem,
707 1552 760 1604 quod
774 1552 849 1602 legisse
865 1565 909 1593 eam

55 1608 191 1648 Tertullianus
213 1609 253 1648 illis
274 1608 360 1648 videtur.
389 1608 430 1648 Sed
452 1609 483 1648 his
506 1608 626 1649 contradixit
643 1606 779 1658 Dodrvellus²t
801 1609 909 1660 maluitque

55 1678 99 1705 eam
109 1665 180 1704 reterri
190 1665 213 1704 ad
227 1665 301 1705 exitum
316 1664 390 1704 saeculi
407 1665 479 1716 quarti,
495 1664 663 1717 quoPriscllliani
678 1670 733 1705 secta
748 1670 792 1704 orta
807 1670 872 1705 estet
887 1665 909 1705 iu

54 1720 152 1772 Hispania
173 1721 276 1773 Galliaque
298 1720 377 1772 priscos
400 1721 540 1761 Gnosticorum
564 1733 642 1761 errores
660 1720 772 1768 renovavit,
794 1721 815 1759 iu
830 1721 909 1761 Irenaei

54 1777 113 1816 libris
128 1790 214 1829 operose
222 1782 325 1817 enarratos
334 1784 354 1817 et
362 1777 468 1817 convulsos
475 1791 483 1826 ;’
495 1790 533 1818 nec
541 1778 592 1817 male
600 1777 683 1824 monuit,
698 1776 829 1828 Augustiuum
838 1778 909 1818 eodem

55 1840 147 1885 tempore
169 1834 243 1873 clarum
265 1833 299 1872 illa
322 1845 368 1873 esse
389 1846 454 1872 usum.
483 1834 556 1873 Nostra
574 1838 638 1873 aetate
653 1834 745 1873 monachi
760 1831 909 1884 Parisienses³l

55 1889 139 1929 ulterius
151 1890 255 1940 progressi
265 1889 471 1941 snutreieceruutque
480 1902 523 1929 eam
538 1890 563 1929 ad
578 1889 685 1929 barbarum
700 1890 775 1930 saeculi
783 1890 815 1929 Vl.
832 1902 907 1938 aevum,

56 1946 81 1985 ob
98 1946 209 1998 squalidam
225 1951 245 1986 et
260 1958 305 1985 vere
320 1945 426 1985 barbaram
441 1946 565 1991 latinitatem,
582 1958 621 1998 apua
636 1945 727 1997 quisquis
735 1946 768 1985 ille
777 1946 837 1986 fuerit
848 1946 909 1986 inter-

54 2014 102 2054 pres
118 2002 192 2042 Graeca
208 2001 318 2044 donaverit.
347 2005 371 2040 At
385 2014 423 2041 nec
437 2001 470 2041 his
485 2002 594 2042 adsentior.
624 2002 740 2042 Barbariem
756 2002 853 2042 orationis
868 2015 910 2042 non

55 2070 118 2109 nego,
142 2058 178 2097 sed
192 2059 252 2097 talem
268 2070 313 2097 esse
327 2070 430 2109 nunquam
445 2058 575 2106 crediderim,
598 2058 651 2110 quali
666 2059 746 2098 saeculo
762 2063 817 2098 sexto
833 2063 909 2110 gentes,

57 2126 108 2165 quae
130 2114 230 2153 Romanas
249 2114 363 2166 provincias
379 2115 400 2153 in
415 2127 472 2154 suam
486 2114 607 2165 redegerunt
621 2120 752 2167 potestatem,
774 2114 856 2154 latinam
871 2114 909 2154 lin-

57 2167 115 2221 guam
131 2177 262 2222 corruperunt
277 2175 297 2209 et
311 2170 451 2222 depravarunt.
481 2171 555 2210 Omnes
571 2171 623 2210 enim
640 2171 714 2210 sentire
728 2176 812 2223 oportet,
828 2182 910 2221 graecu-

56 2227 98 2272 lum
112 2226 175 2266 fuisse
190 2228 299 2273 hominem,
315 2227 349 2277 qui
364 2239 473 2277 puerorum
487 2239 543 2265 more
558 2239 599 2265 non
608 2240 721 2266 sermonem
730 2228 791 2274 illum,
807 2228 911 2267 sedverba

57 2282 136 2332 singula
150 2284 273 2329 transferret,
291 2286 311 2321 et
325 2294 385 2333 quum
400 2282 422 2321 in
437 2282 555 2334 compositis
569 2282 654 2322 maxime
668 2283 765 2329 haereret,
779 2283 830 2322 nova
846 2288 866 2323 et
879 2283 910 2324 in-

57 2339 124 2381 audita
139 2340 234 2390 fingeret,
251 2350 312 2390 quae,
331 2338 370 2377 uisi
385 2338 406 2377 in
422 2338 466 2377 aliis
481 2338 542 2377 medii
558 2338 600 2377 aevi
615 2338 742 2379 monimentis
758 2338 910 2391 deprehendan-

57 2402 95 2443 tur,
110 2395 163 2435 inter
177 2395 274 2435 barbarae
289 2393 343 2437 illius
358 2393 463 2434 latinitatis
479 2394 588 2446 specimina
603 2395 702 2435 numerari
717 2400 826 2447 nequeunt.

113 2451 161 2497 lllihi
178 2451 258 2503 quidem
273 2450 339 2503 placet
354 2463 423 2490 eorum
437 2450 550 2503 prudentia,
569 2450 603 2503 qui
618 2464 678 2503 quum
694 2451 737 2492 sine
752 2452 809 2491 testis
824 2452 911 2492 auotori-

57 2512 97 2548 tate
115 2507 166 2547 nihil
184 2507 276 2547 historici
296 2508 407 2557 argumenti
425 2512 480 2547 recte
500 2506 541 2546 dici
555 2507 666 2558 intelligant
681 2508 705 2548 de
720 2508 797 2558 origine
811 2508 911 2548 versionis

57 2564 140 2615 eiusque
162 2569 226 2604 aetate
241 2586 269 2591 -
291 2563 382 2615 quisnam
398 2563 452 2604 enim
466 2576 554 2615 unquam
568 2563 618 2603 vidit
632 2569 666 2603 aut
680 2564 773 2616 produxit
788 2564 812 2603 de
827 2569 911 2617 utraque

56 2618 144 2660 testem?
159 2643 187 2648 —
202 2620 252 2659 nihil
267 2619 369 2667 definiunt,
385 2633 481 2672 suamque
496 2620 628 2671 ignorantiam
643 2620 683 2660 illis
694 2626 747 2661 certe
758 2633 798 2659 uon
808 2621 910 2673 propriam

57 2677 94 2716 sed
116 2689 161 2716 eum
184 2677 276 2716 omuibus
300 2688 426 2717 communem
440 2676 499 2717 fateri
514 2676 595 2716 malunt.
625 2677 704 2716 Sufficit
718 2677 787 2723 uobis,
811 2689 855 2717 eam
870 2689 911 2729 non

57 2733 170 2773 recentiore
185 2738 259 2781 aetate,
282 2732 317 2772 sed
332 2737 399 2773 vetere
414 2746 459 2774 esse
475 2734 547 2774 factam
563 2737 583 2772 et
597 2732 678 2773 codices
694 2733 736 2774 eius
752 2732 802 2773 satis
817 2733 911 2786 antiquos

104 2890 120 2930 l)
133 2891 157 2923 Ct.
174 2891 222 2922 llenr.
239 2890 338 2922 Dodv‘ellum
355 2891 393 2923 diss.
405 2891 420 2922 V.
434 2893 450 2923 in
462 2892 500 2923 bnt
514 2904 530 2932 g.
545 2891 558 2922 t.
572 2900 587 2931 p.
600 2889 639 2922 391.
663 2892 718 2923 herrat.
731 2892 827 2923 llassuctum
840 2892 878 2923 diss.
892 2891 911 2921 ll.

58 2946 108 2976 praev.
121 2937 138 2967 iu
149 2936 188 2967 laea.
201 2933 218 2977 ξ
231 2935 258 2967 51.
270 2945 287 2976 p.
297 2935 335 2967 226.
352 2936 412 2976 llcmig.
426 2936 518 2968 Ccillerlum
531 2936 547 2967 in
559 2936 622 2968 histoire
635 2937 661 2968 des
675 2941 736 2969 aaateurs
749 2947 789 2969 saer.
802 2941 815 2969 ot
828 2937 911 2969 ecclesiast.

58 2981 86 3012 To.
101 2980 120 3011 ll.
138 2991 154 3021 p.
168 2980 205 3013 lot.
218 2986 233 3013 et
244 2980 356 3012 benedictinos
369 2981 459 3013 llaurianos
472 2978 564 3014 in‘lristoire
576 2981 650 3014 litterulae
662 2982 681 3014 (le
692 2982 754 3015 Fruuec.
779 2982 807 3014 To.
821 2982 832 3014 l.
845 2985 885 3023 part.
899 2980 910 3012 l.

59 3036 75 3069 p.
89 3024 126 3057 334.
162 3024 179 3065 2)
191 3026 226 3059 Lib.
238 3036 251 3058 c.
264 3036 280 3068 p.
294 3024 326 3058 397
339 3035 384 3068 seqq.
419 3026 436 3066 3)
449 3027 485 3058 Loc.
499 3026 525 3058 cit.
537 3036 553 3067 p.
566 3024 604 3058 335.
