1936 3304
82 166 123 207 468
359 175 376 203 r.
396 174 493 203 arissam
507 173 580 202 uiniae
596 173 657 201 raoni

83 277 139 316 riana
161 281 251 328 apparet.
287 276 360 316 Verum
383 274 430 326 quid
451 274 513 315 rrrulta
531 271 683 315 commemoro?
719 272 787 326 Scipio
808 285 894 326 natuque
915 274 936 314 id

83 331 172 372 ostendit
190 334 240 373 adeo
260 338 324 381 certe,
347 337 369 372 ut
383 331 466 371 Plasfius
481 331 553 372 iisdem
568 330 664 382 refragari
678 329 761 370 minime
774 330 870 383 potuerit.
898 331 936 370 Ve-

82 388 118 429 lim
137 394 204 429 autem
223 389 376 441 unusquispiam
395 387 421 426 ita
441 387 540 428 existimet
558 387 650 428 barbans
666 386 740 427 seculis
755 388 785 427 vel
799 393 822 427 ut
836 386 891 426 aiunt
906 400 936 427 se-

83 448 153 498 quiori
170 453 235 486 aetate
250 446 358 485 nrorrachos
374 449 454 484 catenas
468 444 530 484 hasce
545 442 704 485 elucubravisse:
727 456 777 495 quae
792 447 858 483 autem
872 442 936 483 laetae

84 509 131 542 seint
152 502 282 542 collectiones
301 499 433 552 expluribus
455 514 483 540 ss.
497 501 537 541 PP.
560 500 619 540 dictis
634 499 726 551 gravibus
749 506 768 539 et
787 500 847 540 cedro
863 498 936 550 dignis,

84 564 131 598 sunt
153 559 228 597 catenis
250 556 349 608 siquidem
370 557 504 603 recentiores,
528 561 586 609 atque
608 557 633 596 ad
655 555 756 607 exemplar
774 556 853 595 illarum
871 556 936 595 tactae

84 614 205 654 scholastico
234 612 316 660 seculo,
344 614 503 665 praesertimque
530 614 692 653 concionatorum
722 611 795 651 studiis
823 624 936 651 accommo-

84 670 148 709 datae.
179 669 306 721 Quapropter
321 670 391 709 eaPP.
401 682 428 709 ss.
444 682 511 721 opera,
528 682 578 720 cquae
593 669 653 708 modo
668 681 709 708 non
724 673 807 718 exstant,
823 673 871 707 tuuc
886 681 935 720 quo-

84 738 122 777 que
137 725 210 764 amissa
226 730 283 764 erant
296 725 339 765 fere
354 725 427 764 omnia.
457 726 512 765 Unde
532 725 597 764 sanxit
616 724 744 763 doctissimus
759 723 871 763 llassnetus
886 737 936 778 petae

84 793 109 822 eae
125 784 200 821 catenis
212 781 355 833 proferantur
369 794 411 821 non
425 794 488 834 'aspere
503 781 552 820 adeo
568 793 610 821 esse
627 788 688 827 certa,
703 788 727 821 nt
740 780 800 832 fidem
815 782 883 820 statim
897 783 936 820 irt-

81 845 167 890 petrare
182 838 265 878 debeant
274 835 295 887 ¹).
325 838 358 877 Ait
373 842 440 876 autern
455 836 620 887 diligentissimus
628 837 711 876 Plaffius
725 837 786 889 fidam
800 837 826 876 ad
839 849 937 876 reatrseara

82 907 146 946 nsque
159 890 309 945 pertentasse²t
325 893 417 933 codicum
436 893 515 932 illorum
534 905 558 932 en
573 893 646 944 quibus
661 893 721 932 traxit
735 893 853 942 fragmenta.
881 893 935 933 Bene

84 956 121 990 est.
150 954 176 988 At
189 950 279 1000 proferat
294 961 368 1000 ‹prraeso
385 949 474 1000 exempla
489 949 561 1000 aliqua,
578 949 650 1001 quibus
666 954 685 989 et
699 962 737 988 nos
753 949 802 988 certi
810 948 872 988 simus
880 949 935 988 nullo

83 1011 142 1057 pacto
164 1005 185 1044 in
204 1005 340 1045 exarniuandis
355 1005 381 1044 iis
397 1004 499 1045 codicibus
515 1004 573 1056 quasi
588 1004 706 1045 oscitantem
720 1005 784 1044 virum
800 1005 874 1056 alioqui
889 1018 935 1045 acu-

83 1061 183 1101 tissimum
198 1061 303 1101 erravisse.
332 1061 383 1101 Nam
398 1067 452 1101 certe
467 1060 597 1101 collectiones
611 1061 725 1100 huiusmodi
742 1060 783 1101 sire
799 1074 823 1100 ex
837 1061 935 1113 iuterpre-

83 1118 193 1157 tationibns
207 1118 246 1157 PP.
263 1118 376 1166 conlectae3
397 1117 438 1157 sive
454 1131 478 1157 ex
493 1117 572 1157 selectis
589 1117 717 1169 quibusdam,
738 1122 758 1156 et
772 1117 935 1157 memorabilibus

83 1174 122 1214 PP.
146 1174 204 1213 [lictis
219 1173 328 1213 rnerrdosae
344 1179 400 1221 sunt,
424 1179 443 1213 et
457 1173 548 1225 pluribus
564 1180 641 1213 scatent
654 1173 720 1221 vitiis,
743 1174 796 1224 [qnod
811 1174 835 1213 de
851 1178 936 1225 utroque

85 1236 200 1271 catenarum
215 1241 289 1280 gerrere
304 1229 465 1270 demonstrarunt
479 1229 584 1278 Possinns,
600 1230 705 1277 Peltanus,
721 1227 829 1281 aliiquett:
852 1228 936 1281 potissi-

84 1298 139 1326 mum
154 1298 200 1325 vero
221 1287 246 1325 de
265 1286 382 1326 collectione
402 1286 463 1325 altera
483 1286 561 1326 seilicet
576 1299 599 1326 ex
613 1286 653 1326 PP.
669 1285 727 1325 dictis
743 1287 834 1325 eoiiteeta
849 1286 937 1325 ostendit

83 1342 199 1382 Bernardus
213 1342 285 1382 Penius
306 1342 327 1381 in
342 1343 483 1382 dissertatione
502 1342 603 1392 isagogica
618 1342 643 1381 ad
662 1343 778 1392 thesaurum
793 1343 935 1382 anecdotorum

83 1398 220 1446 novissimum,
237 1398 290 1449 qnod
304 1403 371 1438 tairten
386 1403 453 1450 potest
466 1399 594 1450 unusquique
608 1398 639 1436 rel
653 1410 691 1448 per
705 1411 727 1438 se
743 1398 936 1449 exoperibusanec-

84 1455 137 1495 dotis
153 1454 206 1506 apud
222 1454 349 1495 Sirnrondum
367 1455 471 1494 commode
487 1454 596 1505 explorare.
627 1454 666 1493 Sed
682 1454 737 1493 rrorit
751 1454 771 1493 id
788 1467 867 1506 quoque
881 1454 936 1494 Psal-

83 1511 131 1559 nus,
148 1511 182 1563 qui
197 1511 304 1562 aliquando
325 1516 416 1558 catenas,
439 1511 545 1562 aliqnando
566 1509 695 1550 collectiones
711 1510 792 1550 codices
807 1511 863 1558 illos,
883 1512 936 1551 unde

83 1568 194 1619 fragmenta
215 1567 277 1614 eruit,
301 1580 351 1618 quae
369 1567 390 1606 in
406 1567 562 1606 eorrtroversiam
576 1579 680 1614 vocamus,
703 1567 807 1607 consuevit
821 1567 935 1619 prorniscue

83 1624 191 1676 appellare.
220 1623 284 1674 Igitur
297 1636 338 1663 non
346 1622 467 1664 inconcinne
474 1623 565 1663 llatleius
572 1624 644 1663 horum
652 1623 808 1674 fragmentorum
817 1617 936 1665 adderetur

83 1680 142 1721 rertit
156 1681 177 1719 in
192 1679 281 1720 dubium.

141 1737 234 1777 Secundo
255 1737 300 1775 loco
320 1737 369 1776 satis
384 1736 466 1788 probari
481 1749 522 1775 raon
537 1748 608 1787 possa,
628 1735 676 1784 satis
692 1741 757 1776 atatem
773 1736 861 1776 dubitari
875 1749 936 1787 posse

84 1792 203 1833 existimavit
219 1792 295 1843 Scipio,
317 1793 383 1832 sintne
399 1805 415 1831 s.
430 1793 513 1832 Irenaeo
529 1793 613 1832 frustula
627 1792 702 1832 isthaec
718 1793 855 1841 adscribenda,
872 1806 895 1832 ex
911 1806 935 1833 eo

83 1850 187 1895 nimirum,
209 1849 262 1900 quod
281 1860 354 1888 uortten
372 1848 489 1900 inscriptum
509 1848 584 1889 habent
597 1849 674 1887 Irenaei
689 1849 732 1888 sine
748 1855 844 1889 consueto
859 1849 935 1889 addita-

83 1911 151 1945 mento
166 1905 200 1944 illo
216 1904 456 1957 episcopiLtrthtnensis
471 1904 591 1956 praesertim
607 1904 935 1956 quarnmultifloruerintlrenaei.

85 1962 143 2010 Quod
159 1966 213 2002 certe
227 1961 317 2009 Pfaltius,
334 1960 436 2013 sequentis
453 1961 535 2001 cauorris
551 1961 654 2001 veritatem
670 1961 713 2001 sine
728 1960 757 2001 ira
773 1967 793 2002 et
807 1961 873 2001 studio
889 1974 935 2014 per-

83 2019 172 2070 pendere
188 2017 205 2057 si
218 2017 310 2066 voluerit,
326 2017 412 2069 ingenue
427 2017 528 2057 fatebitur.

115 2130 140 2169 ll.
158 2130 305 2180 CodtcenedlS„
321 2144 393 2171 trenaee
408 2133 442 2183 qni
453 2143 505 2183 prae
513 2143 534 2170 se
543 2131 587 2182 fert
601 2132 737 2181 scriptoribus
748 2130 818 2171 attritis
827 2143 934 2179 eutitianae,

154 2189 197 2226 nisi
213 2187 270 2227 alind
289 2194 383 2239 suppetat
401 2193 552 2238 arpertaentnrn,
571 2199 597 2227 ea
612 2186 655 2226 solo
671 2190 750 2227 narratae
765 2187 810 2227 lente
825 2194 861 2227 ant
875 2187 937 2228 elteri

153 2255 179 2283 ne
194 2245 286 2284 tribuito.

140 2320 218 2360 Veritas
233 2325 298 2360 autem
312 2320 372 2360 liuius
383 2320 466 2360 cationis
482 2320 571 2371 quamvis
586 2320 631 2371 ipsa
644 2324 711 2371 pateat
725 2332 762 2372 per
777 2333 805 2369 se,
821 2321 935 2362 confirmari

84 2378 149 2425 etiam,
165 2377 265 2429 variisque
281 2377 377 2429 eneuiplis
392 2376 488 2417 illustrari
503 2380 576 2428 potest.
605 2376 655 2415 Nam
665 2375 895 2428 affirmatGennadins4)
911 2379 935 2419 li-

83 2434 141 2474 brum
157 2434 179 2473 de
195 2434 328 2474 Ordinatione
343 2435 440 2486 episcopi,
457 2445 515 2485 quem
523 2432 630 2472 Petronius
639 2433 753 2473 Theodosio
766 2434 830 2474 adlnrc
838 2440 935 2485 regnante

84 2490 171 2542 scripsit,
187 2503 198 2529 a
213 2490 315 2530 nonnullis
331 2503 371 2529 non
386 2490 481 2529 Petronio
496 2489 538 2528 filio
554 2489 649 2541 episcopo
664 2490 797 2538 Bononiensi,
814 2491 849 2530 sed
864 2491 934 2531 Petro-

83 2547 117 2586 uio
131 2547 194 2598 patri,
211 2548 243 2599 qui
260 2546 385 2587 consulatum
400 2559 446 2586 cum
453 2545 539 2586 Arcadio
555 2545 622 2596 gessit,
638 2551 721 2598 propter
735 2547 822 2586 nominis
838 2554 892 2586 certe
907 2549 934 2588 si-

83 2603 216 2643 militudinem
231 2603 281 2643 falso
297 2603 419 2655 adscriptum
435 2602 505 2642 fuisse.
534 2601 563 2641 lta
578 2601 640 2641 libros
656 2603 742 2655 quinque
755 2603 935 2645 adeersuslllasto-

83 2663 143 2707 nitrea,
159 2666 179 2699 et
185 2659 289 2712 lintqcben
301 2672 341 2712 pro
352 2660 469 2712 defensione
484 2657 557 2709 sparti
563 2658 728 2700 Chalcedonensis
740 2659 807 2710 Vigilii
817 2661 935 2711 Tapsensis,

83 2716 125 2755 sive
141 2716 243 2767 Tapsitani
258 2716 396 2756 animadvertit
411 2716 461 2755 Cave
477 2716 513 2755 snb
531 2713 596 2766 Viqe'lt'i
610 2714 723 2756 Tridentini
736 2720 815 2756 notitiae
830 2717 934 2770 aliquoties

82 2771 227 2824 protusata
240 2773 293 2824 quod
308 2773 403 2812 nimirum
419 2772 453 2823 qui
469 2771 577 2811 editionem
592 2777 685 2812 curarunt
699 2773 770 2812 horum
786 2773 882 2812 librorum
897 2787 934 2813 no-

83 2829 144 2868 minis
157 2826 297 2869 'similitudine
316 2829 394 2881 decepti
410 2833 462 2868 sunt.
492 2828 522 2867 lta
536 2827 608 2867 librum
624 2836 695 2869 caretro
709 2829 812 2879 Eatqcben
827 2837 847 2869 et
860 2829 934 2871 Nesto-

129 2939 145 2980 1)
158 2941 175 2973 ln
188 2942 244 2984 stagni.
257 2952 270 2974 s.
284 2943 325 2974 lren.
384 2934 401 2981 2‘)
414 2942 431 2973 ln
445 2941 511 2983 praelat.
524 2939 544 2972 ad
557 2940 591 2973 ead.
604 2941 660 2981 fragm.
674 2942 713 2982 Hag.
726 2941 785 2974 Comit.
843 2941 859 2981 3)
872 2942 932 2975 Fabric.

83 2985 158 3017 Biblioth.
171 2988 231 3020 Graeca
243 2988 288 3020 Tam.
301 2988 318 3019 t.
371 2988 388 3027 4)
400 2988 423 3019 Dc
436 2987 494 3028 Scupi.
507 2995 541 3028 cap.
554 2985 581 3018 42.
635 2987 652 3026 5)
664 2987 717 3019 Secnl.
729 2986 830 3019 nestoriano.
