1936 3304
400 192 520 221 rnaurarro.
868 180 894 220 53

41 307 59 341 et
74 292 177 336 calumniis
189 291 323 337 incessebant,
340 292 500 332 condonandum.
532 291 774 343 Quisquisministrorum
783 292 836 332 illius
845 298 895 332 tem-

42 354 94 410 poris
109 349 184 400 scripta
198 348 270 399 legerit
285 356 305 389 et
320 362 379 401 quam
394 349 528 389 inverecunde
545 348 654 389 Catholicis
671 349 791 388 calumniam
807 351 896 390 lacerent

42 426 63 454 ,ae
81 405 198 449 clarissimis
218 405 331 459 quibusque
351 411 430 458 patrum
449 405 571 446 testimoniis
586 405 627 445 vim
641 406 750 453 inferrent,
771 407 894 457 expenderit,

41 462 191 510 Feuardentium
207 462 266 502 lacile
282 462 391 503 excusabit.
426 462 448 503 Si
464 476 514 515 quae
529 476 576 502 vero
591 462 651 503 huius
666 467 781 513 argumenta
796 463 894 515 intempe-

42 526 89 567 stiva
111 522 150 560 iam
170 531 216 559 esse
230 520 335 559 videantur
349 531 390 559 non
405 519 479 571 ipsius,
500 521 535 560 sed
552 519 710 560 adversariorum
728 520 785 572 culpa
802 525 838 568 est,
861 521 894 572 qui

41 591 108 635 parum
130 576 170 615 sibi
186 583 307 624 constantes,
326 580 402 616 mutata
417 575 528 615 identidem
542 576 676 617 velificatione
691 578 830 622 retrocedere,
850 578 894 629 plu-

41 649 99 689 raque
118 633 169 673 male
191 633 300 673 constituto
316 634 418 685 systemati
434 633 464 673 vel
479 633 553 673 addere
568 633 598 674 vel
614 635 704 682 demere,
724 647 761 686 pro
781 639 894 685 temporum

42 701 59 735 et
73 696 233 742 argumentorum
248 690 332 737 ratione,
348 689 413 729 coacti
429 696 481 730 sunt.
510 690 588 740 iterius,
604 704 641 731 nec
657 691 740 743 aequius
756 690 894 731 [lectissimum

41 745 138 791 hominem
155 747 308 799 deprehendunt
322 746 445 786 recentiores
461 746 547 799 quidam,
568 748 621 800 quod
637 748 747 787 adulterina
764 748 837 800 scripta
853 762 893 787 non

41 818 101 861 pauca
120 810 142 844 ut
161 816 207 844 vera
226 803 350 855 allegaverit,
374 816 449 856 eosque
468 803 531 844 libros
548 810 677 845 attractatus
696 805 787 857 patribus
802 805 894 858 pluribus

41 862 160 908 attribuerit,
181 860 214 912 qui
237 861 276 900 iam
296 861 421 913 supposititii
441 874 486 901 esso
505 868 647 913 agnoscuntur.
678 862 717 901 Sed
734 862 846 901 communis
861 861 894 901 hic

42 921 76 961 luit
98 930 154 958 error
175 916 255 957 illorum
274 923 398 969 temporum:
422 919 509 958 nondum
535 919 609 971 quippe
629 918 677 959 satis
698 918 784 970 eliquata
804 919 893 966 veritate,

42 988 99 1029 reque
114 974 138 1014 ad
154 974 266 1014 severiores
282 974 364 1015 criticae
379 975 458 1026 regulas
474 976 579 1027 pensitata,
596 976 616 1015 id
631 977 684 1016 bona
699 975 853 1019 fidecitahatur,
870 976 894 1016 de

42 1047 78 1086 quo
93 1032 159 1072 nullus
174 1044 220 1071 esse
234 1030 339 1071 videbatur
354 1032 471 1084 suspicandi
486 1032 550 1072 locus.
588 1033 627 1080 Qui
639 1033 822 1084 llagdeburgenses
837 1033 894 1085 ipsos

41 1094 176 1140 famosumque
195 1088 251 1128 illum
269 1089 322 1141 apud
336 1089 473 1129 Protestantes
494 1089 585 1129 criticnrn
599 1090 699 1129 Andream
714 1089 805 1129 Rivetum
820 1090 894 1129 exami-

41 1146 120 1193 uaverit,
136 1145 154 1185 si
168 1158 210 1185 non
225 1145 303 1193 iisdem,
324 1145 344 1185 in
360 1146 405 1185 aliis
421 1151 486 1185 tanton
503 1146 582 1197 gravius
596 1146 675 1197 lapsos,
696 1159 733 1186 nec
749 1146 797 1186 artis
813 1147 895 1187 criticae

42 1203 147 1256 peritiores
169 1201 232 1242 luisse
254 1202 309 1242 illico
323 1203 475 1255 deprehendet.
514 1203 552 1243 Sed
573 1203 653 1242 tandem
673 1203 689 1242 si
713 1204 760 1255 quid
782 1204 896 1254 peccaverit

43 1259 192 1306 Feuardentius,
207 1259 293 1310 gravius,
312 1272 356 1299 ntea
373 1260 453 1311 quidem
469 1260 573 1308 sententia,
593 1265 670 1311 peceat,
690 1260 724 1312 qui
740 1260 818 1311 culpam
834 1261 895 1300 conti-

44 1316 90 1358 tenti
113 1322 132 1356 et
154 1329 213 1369 quam
235 1316 321 1369 primum
342 1317 456 1356 emendanti
474 1316 547 1357 iterum
567 1316 655 1356 obiicere
674 1329 714 1356 aion
730 1324 814 1357 veretur
845 1318 895 1358 Duru

43 1374 126 1427 primam
140 1373 220 1413 Irenaei
242 1373 273 1413 sui
296 1373 405 1414 editionem
425 1374 540 1421 adornaret,
564 1373 655 1414 scribens
675 1374 694 1413 in
715 1373 762 1413 libri
781 1374 836 1415 tertii
852 1386 895 1427 cap.

44 1443 244 1471 11111111111116111111.
267 1430 320 1471 iuter
340 1430 392 1470 varia
414 1443 464 1482 quae
484 1431 574 1482 congerit
592 1436 671 1483 patrum
688 1431 812 1478 testimonia,
834 1445 895 1472 unuin

43 1488 95 1528 velut
114 1501 138 1527 ex
153 1487 226 1540 Cprillo
240 1487 374 1528 Alexandrino
394 1487 428 1528 lib.
443 1500 470 1527 vr.
490 1487 511 1527 in
533 1488 602 1527 loann.
626 1501 669 1539 cap.
686 1501 716 1527 xv.
733 1487 820 1528 addidit:
842 1489 895 1540 quod

44 1544 108 1597 apitii
124 1558 163 1584 nou
180 1551 216 1592 est,
233 1545 268 1583 sed
283 1545 352 1584 lodoci
361 1544 480 1592 Clichtovei,
498 1545 531 1596 qni
548 1550 633 1596 quatuor
641 1544 833 1585 Connneutarioruiu
849 1559 895 1585 suo-

43 1614 85 1642 rum
99 1600 162 1641 libros
179 1601 278 1653 Cprillinis
294 1601 416 1641 interseruit.
449 1602 522 1641 Errare
541 1601 608 1641 statim
623 1601 702 1653 agnito,
721 1601 774 1641 huuc
790 1603 896 1642 emendare

44 1658 143 1698 festinavit
161 1658 191 1698 vir
209 1658 286 1706 horrus,
306 1659 342 1697 sed
362 1671 423 1710 quum
443 1658 513 1698 lolium
532 1657 572 1697 iam
591 1670 628 1709 per
650 1659 785 1710 typographos
801 1671 896 1699 excusum

45 1721 101 1763 esset,
117 1715 194 1755 nullum
209 1715 263 1755 aliud
279 1721 383 1767 supererat
398 1715 514 1763 remedium,
531 1714 571 1754 nisi
586 1720 614 1763 ut,
630 1728 668 1767 qua
677 1714 755 1755 ratione
765 1716 896 1766 corrigendus

44 1778 105 1820 esset,
125 1773 211 1811 lectores
230 1772 347 1824 tempestive
365 1778 458 1811 moneret
476 1772 496 1811 in
513 1777 624 1812 erratorum
639 1772 717 1820 indico,
738 1772 791 1824 quod
807 1778 827 1812 et
841 1773 896 1813 lecit.

44 1831 107 1876 Quum
128 1837 194 1869 nartem
208 1829 328 1869 Franciseus
344 1830 429 1876 stiores,
448 1829 501 1868 haud
520 1829 571 1868 lecto
592 1828 626 1868 illo
645 1828 722 1876 indice,
741 1830 897 1870 Feuardentiurn

44 1886 133 1926 acerbius
148 1885 309 1938 perstrinxisset,
328 1886 387 1937 digne
402 1898 439 1938 pro
455 1885 585 1936 incogitantia
602 1885 710 1936 castigatus
726 1885 793 1925 estin
808 1886 896 1926 editione

45 1943 158 1983 Coloniensi
175 1943 221 1983 anni
237 1942 299 1983 15196.
328 1943 380 1982 Ecce
397 1951 469 1991 tamen,
485 1943 586 1983 recentior
602 1942 683 1994 qnidam
699 1942 788 1990 criticus,
804 1956 829 1982 ne
837 1944 896 1983 lectis

44 2000 122 2051 quidem
138 2012 173 2040 seu
188 2005 298 2040 meinorato
314 2000 387 2047 indice,
403 2012 439 2039 seu
454 2000 508 2039 notis
523 1999 544 2038 in
560 1999 619 2039 citata
631 1999 720 2039 editione
728 1999 808 2045 additis,
824 1999 897 2040 insola

43 2057 132 2096 Suarezii
151 2062 185 2097 aut
199 2056 306 2108 Theophili
320 2056 419 2096 Rainaudi
438 2056 488 2103 fide,
508 2061 595 2096 erratum
613 2056 646 2095 bis
666 2062 778 2096 correctum
794 2064 813 2096 et
830 2069 896 2097 ernen-

44 2114 108 2153 datum
124 2113 153 2153 illi
169 2113 233 2154 adhuc
248 2113 347 2165 impingit.
382 2112 460 2160 Quibus
480 2112 518 2152 iam
538 2112 604 2152 verbis
624 2113 726 2165 exciperet
744 2113 895 2160 Fenardentius,

44 2170 60 2209 si
74 2170 158 2217 viveret,
179 2176 293 2210 accuratum
307 2170 363 2210 illum
380 2182 495 2216 censorem,
516 2169 550 2222 qui
566 2182 616 2222 quos
632 2176 724 2210 auctores
740 2170 851 2222 redarguit,
872 2184 897 2211 ne

43 2228 98 2279 segni
114 2227 195 2280 quidem
210 2240 270 2268 manu
285 2227 375 2269 evolvere
390 2224 498 2279 dignatur?
527 2226 552 2266 Ut
566 2232 588 2267 ut
603 2232 640 2275 est,
660 2226 788 2267 Ferrardentii
803 2233 861 2267 notas
878 2235 897 2267 et

44 2283 199 2332 observationes,
219 2285 288 2336 quales
303 2284 323 2324 in
339 2283 455 2324 novissimis
469 2283 547 2323 irenaei
563 2283 686 2324 editionibus
701 2284 826 2336 prodierunt,
847 2285 896 2324 tales

44 2340 114 2381 iterum
130 2342 162 2381 edi
178 2342 255 2388 curavi,
272 2341 298 2381 ita
315 2346 387 2388 tamen,
403 2346 425 2380 ut
440 2341 507 2380 omnia
523 2341 613 2381 eiusdem
630 2341 691 2392 (quod
708 2346 727 2380 et
742 2341 795 2380 idem
810 2341 834 2381 de
851 2341 896 2380 aliis

44 2398 83 2438 dici
97 2399 164 2449 velim)
178 2398 230 2439 dicta
247 2404 267 2438 et
281 2399 364 2449 allegata
379 2403 483 2450 praestare
498 2397 567 2437 nolim.
597 2397 666 2449 Neque
682 2397 734 2437 euim
751 2410 761 2436 a
776 2410 808 2437 me
824 2410 891 2450 exspe-

44 2456 136 2495 ctandum
155 2456 202 2503 11111,
222 2460 243 2494 111
262 2455 328 2495 omnia
349 2468 400 2507 qnae
414 2456 492 2507 profert
507 2460 609 2494 auctorum
625 2453 739 2494 testimonia
755 2454 895 2505 expenderem,

44 2525 65 2552 ae
80 2513 98 2552 si
114 2512 158 2565 quis
173 2512 194 2552 in
209 2512 235 2551 iis
251 2512 336 2551 citandis
352 2525 408 2552 error
420 2511 539 2563 obrepserit,
555 2510 674 2557 indicarem3
690 2509 766 2550 laboris
774 2510 794 2550 id
803 2511 897 2552 immensi

44 2569 122 2618 luisset,
139 2581 198 2621 quem
214 2569 231 2608 si
246 2568 388 2620 suscepissem,
405 2580 444 2607 non
460 2568 499 2607 iam
515 2568 570 2619 ipsas
583 2566 710 2607 Feuardentii
727 2573 792 2615 notas
808 2569 844 2608 sed
860 2582 896 2608 no-

42 2639 75 2666 vas
95 2627 116 2666 in
130 2626 284 2667 Feuardentium
307 2625 467 2672 ohservationes,
489 2624 543 2664 nullo
564 2628 597 2663 aut
616 2624 686 2674 exiguo
706 2623 772 2664 fructu
788 2625 896 2666 dedissem.

45 2683 109 2731 Quum
124 2688 189 2723 autern
205 2694 247 2723 111111
261 2682 413 2730 Feuardentius
435 2689 475 2721 tum
491 2681 525 2721 alii
540 2681 690 2721 observationes
706 2693 753 2720 snas
769 2681 794 2721 ad
808 2687 896 2722 veterem

44 2740 129 2792 capitum
145 2739 265 2787 sectionem,
288 2753 347 2792 quam
367 2739 512 2792 sequebantur,
535 2737 714 2785 accornmodarint,
735 2738 764 2778 sic
784 2751 896 2779 accommo-

44 2797 105 2845 datas,
121 2811 146 2837 ne
163 2810 201 2849 [pua
216 2797 307 2837 conlusio
323 2797 454 2844 suboriretur,
470 2795 552 2848 reliqui,
569 2807 631 2835 novae
647 2795 747 2835 dumtaxat
760 2795 854 2836 editionis
863 2809 895 2836 ca-

43 2854 83 2903 pita
99 2862 119 2894 et
132 2855 216 2906 paginas
232 2853 257 2894 ad
271 2854 381 2904 marginem
396 2853 489 2893 indicavi.

99 2911 188 2951 Tertium
204 2910 296 2962 denique,
312 2911 364 2962 quod
381 2910 483 2951 inanimo
499 2910 542 2956 suit,
557 2908 628 2949 lectori
644 2908 737 2948 videlicet
752 2921 775 2947 ea
790 2920 861 2959 parare
877 2914 897 2947 et

44 2969 116 3009 otlerre
131 2968 233 3017 subsidia,
244 2967 316 3020 quilius
331 2968 389 3007 labor
404 2968 447 3007 eius
458 2966 564 3011 muniatur,
582 2964 611 3005 sic
619 2972 725 3006 exsecutus
733 2977 784 3005 sum.
814 2964 897 3005 Praeter

44 3028 83 3065 tres
99 3026 191 3080 superins
207 3030 327 3066 memoratas
343 3024 502 3072 dissertationes,
519 3036 592 3075 easque
609 3036 678 3064 ornnes
693 3027 751 3063 notas
768 3029 787 3062 et
802 3022 895 3063 observa-
