1936 3304
322 172 347 198 11
363 165 501 198 cnosrrcbnuu
515 170 585 198 nunus.
841 153 881 196 175

29 274 90 325 Quasi
105 272 173 325 potior
186 270 279 311 habenda
293 271 343 311 fides
359 276 413 311 esset
426 271 483 311 vanis
498 269 648 311 neotericorum
663 269 744 309 illorum
753 268 834 310 obscuri
844 282 881 309 no-

27 330 88 374 minis
102 328 227 377 ratiunculis,
244 341 302 381 quam
317 328 436 381 Epiphanii,
457 328 516 368 testis
531 340 572 368 non
587 332 664 367 tantum
679 326 749 376 auriti,
769 326 883 366 sedetiam

29 387 108 435 ocralati,
124 386 248 438 aliorumque
262 390 351 425 veterum
367 385 468 425 Gnosticis
484 397 603 425 coaevorum
617 383 746 433 testimoniis,
763 383 797 436 qui
811 384 883 423 haere-

29 446 80 487 ticos
89 442 251 496 ipsosvideruut,
267 442 378 490 audierunt,
395 454 503 494 eorumque
511 442 574 482 libros
583 442 705 482 evolverunt.
735 440 766 489 At,
781 440 882 493 inquiunt,

30 513 87 543 nemo
104 499 267 552 apologistarum,
283 500 330 539 111111
346 499 452 538 ecclesiam
468 499 598 539 christianam
613 512 624 539 a
639 498 746 539 calumniis
759 497 882 550 oedipodeo-

29 570 72 600 rum
88 555 239 604 concubitum,
259 561 279 596 et
296 557 431 608 thyestearum
454 556 567 608 epularum,
587 556 659 608 quibus
675 568 719 595 eam
735 555 883 607 adspergebant

30 613 124 662 Gentiles,
139 619 217 665 purgat,
232 618 287 653 tanta
302 613 379 652 scelera
393 612 485 652 meminit
504 626 515 653 a
530 612 741 653 Pseudo-Christianis
756 617 882 665 perpetrata:

31 671 83 724 quod
97 676 165 710 tamen
181 683 191 709 e
206 684 228 710 re
243 682 312 710 eorum
327 669 400 709 suisset
413 682 454 709 non
464 669 562 718 omittere,
577 670 731 722 maximequum
741 669 882 710 ementitorum

31 729 109 768 illorum
124 727 199 779 flagitia
215 727 327 775 calumniis,
343 726 415 779 quibus
430 726 471 766 veri
488 727 561 767 Christi
576 727 646 768 fideles
662 727 798 766 onerabantur
812 726 884 765 imme-

30 785 69 833 riti,
85 797 155 824 ausam
169 784 317 836 praebuissent.
347 784 410 824 lmmo
425 784 514 824 Iustinus
529 789 603 836 martyr
618 784 639 823 in
654 783 752 835 Apologia
767 796 803 822 sua
818 782 882 835 priori

31 847 50 883 et
68 841 166 881 ecclesiae
185 840 316 892 lugdunensis
336 846 356 880 et
368 840 485 881 viennensis
503 841 525 881 in
540 840 625 893 epistola
641 853 687 888 sua,
707 840 759 893 apud
774 840 883 880 Eusebium

31 900 64 939 lib.
78 911 97 937 v.
113 910 156 950 cap.
171 897 191 946 2,
207 897 289 937 disertis
303 898 370 937 verbis
386 903 484 945 asserunt,
501 903 534 937 aut
548 899 628 938 nescire
644 910 672 945 se,
688 903 778 937 autnon
794 897 884 944 credere,

30 954 104 1006 flagitia
119 956 170 995 haec
185 954 209 995 ab
224 954 331 996 haereticis
350 951 388 994 aut
403 969 413 995 a
433 967 532 1007 quoquam
553 954 669 995 mortalium
686 967 772 1008 usquam
787 966 833 994 esse
847 967 883 1007 pa-

31 1018 87 1053 trata.
118 1012 157 1052 Sed
178 1012 244 1052 facilis
262 1012 377 1065 responsio.
414 1012 473 1064 Ipsae
492 1011 543 1052 istae
562 1012 673 1052 calumniae
693 1015 743 1063 quae
763 1011 884 1056 Christianis

31 1068 163 1117 struebantur,
180 1069 385 1109 ostenduntGentiles
400 1068 476 1121 aliquid
491 1070 561 1109 saltem
578 1069 602 1108 [11
617 1068 734 1120 turpissima
743 1069 883 1109 Gnosticorum

31 1127 70 1166 vita
84 1126 199 1176 inaudisse,
215 1126 269 1179 quod
284 1126 426 1166 calunaniarum
442 1126 522 1165 occasio
539 1125 582 1165 luit.
613 1126 679 1173 Quicni
688 1125 885 1166 enimeosaceteris

32 1183 150 1224 Christianis
165 1196 206 1223 non
221 1183 374 1233 distinguerent,
390 1183 483 1222 omnibus
498 1182 675 1222 indiscriminatim
690 1183 815 1230 tribuerunt,
831 1182 885 1234 quod

31 1241 150 1280 larvatorum
166 1239 261 1279 duntaxat
275 1240 341 1280 scelus
350 1239 392 1280 luit.
422 1239 474 1279 Hinc
484 1238 509 1280 de
518 1239 680 1292 Carpocratianis
689 1251 750 1291 agens
758 1240 854 1279 lrenaeus
863 1236 884 1289 ¹),

32 1296 161 1348 conqueritur
181 1300 236 1349 apros
258 1296 284 1336 od
306 1298 447 1337 detractionem
471 1297 535 1337 atterrat
556 1296 648 1337 ecclesiae
668 1300 756 1337 11111111
776 1309 788 1336 a
808 1296 885 1336 Saturae

29 1357 164 1406 pruerm'ssos:
182 1357 216 1394 atr·
231 1354 340 1394 sectandum
358 1353 420 1393 111111
439 1360 458 1394 et
476 1353 538 1394 1111111
556 1353 645 1401 modam,
668 1366 718 1406 quce
735 1360 785 1394 steret
802 1354 886 1394 illamam

32 1411 133 1451 audientes
149 1411 243 1458 leontinae,
259 1417 277 1451 et
289 1418 385 1462 patentes
402 1423 468 1451 omnes
483 1423 520 1451 reos
537 1411 647 1458 tolerasse,
663 1417 826 1451 ucertcrtteures
836 1422 885 1449 srrcs

32 1470 165 1520 epraecom‘o
180 1470 282 1515 caritatis,¹
299 1475 334 1508 cart
349 1475 368 1508 et
381 1468 470 1508 videntes
485 1480 534 1519 qaue
546 1468 692 1513 scintillarum,
708 1479 820 1508 ornaresraos
831 1467 886 1507 blas-

30 1524 129 1577 phement.
158 1524 184 1564 Et
197 1524 297 1564 Eusebius
310 1525 346 1564 lib.
361 1537 386 1564 1v.
402 1524 453 1564 Hist.
469 1537 513 1576 cap.
529 1524 549 1565 1.
564 1524 657 1564 similiter
671 1524 750 1572 scribit,
765 1523 887 1564 miserorum

32 1582 111 1621 illorum
126 1581 202 1632 flagitia
217 1581 329 1621 Gentilibus
344 1594 413 1621 ansam
427 1581 545 1634 praebuisse
561 1586 690 1621 sacrosancto
700 1581 737 1621 Dei
751 1581 812 1620 verbo
828 1585 886 1633 petu-

32 1639 97 1678 lanter
119 1638 220 1690 impieque
243 1638 379 1679 obtrectandi:
401 1651 425 1678 eo
444 1638 503 1690 plane
523 1638 622 1686 corrsilio,
645 1645 666 1678 ut
684 1638 737 1678 lama
756 1638 781 1678 de
800 1637 887 1678 scelesta

33 1695 122 1746 ipsorum
140 1695 192 1734 vitae
211 1695 289 1735 ratione
307 1695 384 1748 passim
399 1695 506 1747 dissipata,
529 1703 607 1747 turpem
622 1695 744 1747 ignominiae
758 1699 827 1734 uotam
841 1694 888 1734 uni-

34 1765 103 1792 versae
119 1751 278 1792 Christianorum
293 1751 416 1792 multitudini
432 1752 528 1792 inureret.
544 1752 600 1792 Unde
616 1757 671 1793 certe
681 1752 761 1799 accidit,
777 1752 849 1804 inquit,
865 1756 887 1791 ut

34 1809 109 1849 nefaria
125 1808 223 1861 quaedam
238 1808 307 1860 opinio
323 1810 348 1849 de
363 1809 422 1849 nobis
438 1809 531 1858 excitata,
552 1822 615 1861 eaque
634 1810 658 1849 ab
674 1808 822 1849 omni'ratione
838 1808 886 1848 alie-

33 1865 122 1913 nissima,
139 1878 175 1917 per
189 1865 300 1906 infidelium
315 1866 393 1906 animos
408 1867 467 1917 longe
482 1866 562 1919 lateque
577 1867 705 1918 pervaderet:
725 1866 779 1918 quod
792 1865 887 1906 videlicet

33 1927 76 1962 tum
94 1923 181 1963 nelaudo
201 1922 308 1963 concubitu
326 1928 400 1963 matres
420 1928 440 1963 et
455 1936 535 1963 sorores
549 1923 636 1970 violare,
655 1928 698 1963 tum
713 1923 774 1963 etiam
788 1923 887 1963 scelerato

35 1979 120 2031 quodam
139 1979 228 2019 alimenti
247 1992 319 2031 genere
340 1980 370 2019 uti
392 1992 433 2019 non
453 1993 573 2020 vereremur.
603 1980 659 2020 Unde
674 1992 720 2020 vero
736 1985 776 2020 tam
791 1979 887 2019 immania

35 2036 132 2076 scelerum
153 2040 245 2088 portenta
266 2036 465 2089 inChristianorum
486 2037 575 2077 otnnium
595 2042 655 2090 caput
673 2035 803 2089 intorquendi
818 2048 887 2077 ansam

35 2098 115 2145 captare
135 2093 249 2145 potuissent
263 2093 353 2141 Ethnici,
376 2093 416 2133 nisi
436 2094 506 2133 saltem
526 2106 595 2134 eorum
614 2093 690 2146 aliquid
709 2095 741 2134 vel
756 2107 780 2134 11
793 2105 887 2134 verorum

36 2150 109 2190 Christi
127 2150 215 2190 fidelium
236 2150 333 2202 querelis,
351 2150 383 2190 vel
398 2164 421 2191 en
436 2152 578 2191 ementitorum
592 2150 731 2198 consessione,
750 2150 781 2191 vel
797 2163 821 2191 ex
835 2151 888 2190 fama

34 2205 187 2260 percepissent?
217 2207 267 2247 Tam
282 2207 372 2247 insolens
388 2207 500 2248 criminatio
515 2209 575 2248 tidem
591 2220 693 2260 uuuquam
708 2208 761 2260 apud
771 2207 887 2248 infensissi-

35 2277 79 2304 mos
96 2264 256 2305 Christianorum
270 2264 340 2304 hostes
356 2264 490 2314 obtinuisset,
509 2265 550 2305 nisi
568 2264 617 2305 huic
635 2265 723 2317 aliquam
740 2264 782 2304 veri
798 2263 886 2317 speciem

36 2320 152 2361 obduxisset
166 2321 265 2373 flagitiosa
279 2322 404 2373 quorundam
418 2322 465 2362 vita.
490 2322 532 2362 Nec
548 2334 662 2375 quenquam
675 2334 756 2362 movere
771 2320 830 2361 debet
844 2321 885 2360 lau-

36 2378 127 2418 datorum
142 2378 298 2429 apologistaruur
313 2378 421 2426 silentium,
438 2387 472 2418 aut
485 2379 557 2418 Iustini
576 2386 596 2419 et
611 2379 742 2419 ecclesiarum
756 2377 887 2428 lugdunensis

37 2439 56 2473 et
69 2434 186 2475 viennensis
200 2434 308 2486 ignoratio.
337 2435 360 2475 ld
380 2448 415 2475 eos
434 2436 497 2475 latere
516 2435 595 2488 potuit,
619 2436 672 2488 [quod
694 2435 771 2475 occulte
789 2438 811 2474 et
829 2433 887 2481 clam,

36 2503 77 2530 non
92 2499 145 2532 certe
159 2491 226 2543 palam
240 2496 260 2531 et
278 2491 358 2542 publice
370 2492 533 2544 perpetrabatur:
552 2504 589 2532 nec
607 2492 686 2539 mirum,
702 2492 720 2531 si
735 2490 887 2531 1111111111-

38 2547 108 2597 geriut,
125 2548 178 2600 quod
192 2548 279 2588 immane
294 2553 389 2600 quantum
404 2549 499 2589 abhorret
513 2549 538 2589 ab
556 2549 643 2589 humana
657 2552 738 2596 natura,
753 2547 825 2600 vixque
840 2560 888 2600 por-

38 2603 94 2644 cinae
109 2604 207 2656 congruit.
235 2605 312 2645 Deinde
327 2605 348 2645 id
363 2605 449 2656 agebant
463 2605 593 2657 apologistae.
608 2611 631 2645 ut
646 2605 782 2653 Christianos,
803 2617 889 2658 quorum

38 2674 129 2701 caussam
143 2662 255 2710 tuebantur,
273 2667 382 2714 purgarent
396 2676 407 2703 a
422 2662 540 2702 criminibus
555 2662 628 2715 quibus
642 2675 749 2714 perperam
762 2661 888 2703 infamaban-

39 2722 80 2765 tur;
96 2718 149 2771 quod
164 2723 184 2759 et
197 2719 342 2771 praestiterunt
355 2719 376 2759 iu
391 2719 489 2772 apologiis
505 2720 554 2760 suis.
582 2718 637 2760 Nihil
657 2724 723 2759 autem
738 2718 837 2759 attinebat
850 2720 888 2758 hac

39 2776 144 2815 occasione
160 2775 301 2831 Gnosticorum
316 2777 461 2825 obscenitates,
481 2782 564 2817 aeterno
579 2776 659 2816 silentio
675 2776 813 2828 sepeliendas,
835 2787 889 2815 ccm-

38 2843 160 2872 memorare:
182 2845 242 2884 quum
260 2833 313 2873 veris
333 2833 452 2874 Christianis
470 2833 522 2874 nibil
536 2846 580 2874 cum
594 2833 676 2873 larvatis
690 2833 750 2882 istis,
769 2832 809 2873 nisi
824 2832 889 2872 solum

38 2899 118 2937 nomen,
133 2901 238 2929 commuue
254 2895 313 2938 esset,
328 2895 351 2929 ut
365 2891 453 2932 lustinus
469 2891 572 2940 observat3
587 2889 657 2943 illique
671 2890 710 2941 his,
726 2897 748 2931 ut
763 2890 835 2930 citatus
848 2889 889 2930 Ire-

84 3014 100 3055 1)
112 3015 154 3047 1111.
167 3014 177 3046 1.
191 3013 203 3047 l.
216 3025 229 3048 c.
242 3014 268 3046 25.
281 3024 296 3047 n.
309 3014 324 3046 3.
