1936 3304
76 163 117 203 :tao
266 172 288 199 n.
311 174 418 199 larissa-asra
434 172 513 199 rrirrn
527 172 551 197 nn
568 172 599 199 rr.
616 171 733 200 1.rnrrmr.

75 274 173 313 Renatum
191 272 313 313 llassnetum
322 269 336 323 ¹)
351 271 443 312 diximus.
476 272 541 319 Quum
556 270 610 311 errim
625 278 644 311 et
659 284 757 312 srrnrmam
772 271 879 312 clarissimi
893 272 931 313 viri

77 329 221 378 eruditionem,
241 329 348 370 et‘lersam
363 329 516 380 modestamque
531 340 568 367 nec
582 328 657 379 vulgari
674 329 769 369 civilitate
784 328 865 368 tinctam
881 329 931 368 scri-

76 386 138 426 bendi
160 388 259 427 rationem
282 385 364 438 plurimi
386 385 492 433 iaciamus,
516 397 576 437 quam
598 390 617 424 et
636 385 711 436 experti
728 386 834 437 aliqnando
850 385 932 437 ipsimet

77 456 146 483 sumus
169 443 299 490 luculentius,
321 441 394 481 litteris
418 442 442 482 ab
464 442 509 494 ipso
532 441 557 482 ad
575 453 612 481 nos
628 441 680 480 datis
696 442 783 482 amioum
798 442 879 482 omnino
894 442 932 481 riri

76 500 218 540 humanissimi
236 511 281 550 erga
302 511 340 537 nos
359 497 447 538 animum
463 498 599 551 spirantilrus3
621 497 712 537 dubitare
726 498 795 549 utique
811 512 852 538 aron
865 499 932 550 potui-

77 569 128 604 mus,
144 562 234 595 nostrum
251 555 415 606 qualemcumque
431 554 584 598 dissensumah
599 554 644 605 ipso
660 554 681 593 in
693 554 766 593 honam
781 560 859 606 partem
875 567 932 594 acce-

77 621 134 665 ptum
156 611 187 651 iri.
217 612 306 659 Etenim,
330 624 380 663 quae
403 617 472 652 contra
494 612 560 663 ipsum
581 610 623 650 sive
638 611 662 650 ad
679 623 770 650 caussam
790 612 836 651 [idei
851 617 932 651 nostrae

78 669 180 720 agendam,
197 669 238 708 sive
255 669 278 708 ad
295 668 449 716 delemlendnm,
466 680 525 720 quern
540 668 584 719 ipse
599 679 705 718 aggressus
721 667 764 715 init,
782 669 867 708 amicum
878 676 932 707 vete-

77 738 119 765 rem
134 725 149 764 l.
164 725 187 763 E.
203 723 332 776 Gratnumq,
352 725 394 764 siue
410 726 434 765 ad
449 725 566 777 explicanda
580 724 652 764 melius
667 724 745 763 lrenaei
756 724 816 764 verba
831 725 931 777 ponimus,

77 794 115 821 nee
131 794 154 821 ex
170 781 216 821 odio
232 782 319 833 quodam
334 781 453 833 theologico,
471 781 524 833 quod
538 780 624 820 maxime
640 793 651 820 a
665 780 724 820 nobis
741 780 827 820 alienum
843 787 879 828 est,
895 793 933 821 nec

78 851 102 877 ex
117 838 267 878 contradicendi
282 838 365 878 libidine
380 839 492 889 profectum
508 837 551 884 luit,
567 837 603 876 sed
619 850 642 876 ex
657 837 737 876 sincero
749 837 932 889 cptiodamreritatis

79 907 157 942 amore,
178 907 237 946 quem
256 900 276 934 et
294 895 314 933 in
329 894 388 933 nobis
404 895 448 946 ipse
464 893 577 933 aestimabit
591 893 698 947 magnique
713 894 774 933 faciet
789 893 866 933 clariss.
881 894 932 933 llas-

79 956 154 990 suetns.
184 951 206 990 ld
227 952 279 1002 quod
299 956 318 990 et
333 951 357 990 de
372 963 413 990 rer.
428 951 471 990 viro
486 950 530 990 Nic.
544 950 643 996 Nourrio,
660 950 692 989 cni
707 950 776 989 itidem
792 950 857 1002 aliqua
873 963 933 1002 repo-

79 1008 160 1054 suimus,
177 1007 316 1047 alfirmamlum
331 1006 390 1045 nobis
406 1011 442 1055 est,
459 1019 520 1058 quum
535 1005 584 1045 adeo
601 1019 668 1046 carum
684 1006 743 1046 nobis
753 1007 934 1058 honorandumque

78 1063 144 1115 ipsius
159 1075 232 1103 nomen
248 1064 280 1110 sit,
295 1068 317 1102 ut
332 1063 390 1102 dulce
404 1064 444 1103 hoc
459 1064 585 1114 amicumque
601 1068 702 1102 certarnen
717 1062 775 1102 nobis
785 1063 932 1110 essevideatue

78 1120 163 1159 maxime
186 1132 246 1172 qmnn
267 1120 305 1158 riri
326 1119 433 1159 clarissimi
454 1119 569 1158 hnmanitas
592 1123 621 1158 tot
637 1118 676 1157 iam
692 1119 817 1158 documentis
832 1119 892 1159 nohis
908 1120 935 1159 sit

78 1181 192 1228 perspecta.
223 1175 305 1216 Scilicet
318 1176 346 1215 ita
361 1176 535 1227 prommciandum
551 1179 582 1215 est
597 1176 621 1214 de
636 1175 672 1222 iis,
693 1175 727 1226 qui
742 1176 887 1226 rempublicam
901 1176 934 1216 lit-

80 1232 174 1272 terariam
193 1237 224 1272 tot
242 1232 320 1272 meritis
340 1232 462 1284 scriptisque
482 1231 567 1282 egregiis
587 1231 626 1271 sibi
641 1231 757 1279 devinxere,
781 1244 840 1283 qnam
854 1232 933 1272 laudem

79 1289 176 1340 peculiari
192 1289 270 1328 ratione
283 1288 321 1328 sibi
336 1288 425 1328 vindicat
439 1288 556 1327 doctissima
571 1287 592 1326 S.
610 1287 672 1327 hlauri
688 1288 823 1339 congregatio,
839 1302 849 1328 e
864 1301 934 1328 mona-

81 1345 124 1383 chis
140 1344 217 1384 ordinis
232 1344 356 1385 Benedictini
373 1350 479 1393 constans3
502 1343 651 1395 optandumque
666 1343 735 1395 utique
750 1344 813 1393 foret,
835 1350 867 1393 ut,
888 1345 935 1384 dnm

80 1401 158 1441 clariss.
174 1401 272 1450 Nourrius
295 1400 431 1440 continuando
454 1400 558 1452 apparatui
580 1400 605 1439 ad
620 1399 761 1442 bibliothecam
777 1401 882 1440 maximam
897 1402 935 1440 Pa-

79 1464 132 1497 trum
147 1457 233 1503 insudat,
248 1458 296 1497 Rev.
311 1459 423 1498 dlassnetus
438 1456 585 1509 antiquioribus
601 1457 636 1496 SS.
652 1456 733 1496 Patrurn
748 1456 934 1508 scriptis,'venera-

79 1514 141 1553 bilem
155 1513 266 1564 primorum
281 1513 395 1553 seculorum
411 1518 496 1553 aetatem
511 1512 629 1560 ferentibus,
644 1513 774 1552 recensendis
790 1525 872 1565 operam
887 1514 935 1553 dare

80 1574 161 1621 posset,
186 1570 220 1622 qui
240 1570 321 1609 annales
336 1570 479 1609 Benedictinos
494 1574 541 1621 post
555 1569 584 1608 lo.
599 1569 737 1608 lllahillonium
753 1574 773 1608 et
787 1569 935 1610 Theodericum

80 1626 198 1665 Ruinartum
216 1638 270 1665 nunc
284 1631 388 1678 pertexere
403 1626 470 1665 iussus
486 1631 523 1665 est.
552 1625 594 1664 Neo
613 1630 679 1665 lamen
698 1638 743 1665 cunr
763 1625 812 1666 solis
827 1626 883 1666 hisce
899 1627 935 1666 ‹lo-

81 1681 177 1721 ctissimis
192 1682 240 1722 viris
255 1683 282 1721 ita
298 1682 396 1733 agendum
412 1682 471 1722 nobis
487 1694 532 1722 esse
548 1681 714 1729 existimavimus3
731 1682 766 1720 sed
781 1681 895 1734 ubicunque
910 1682 935 1721 ah

82 1738 126 1779 aliis
142 1738 282 1786 dissensimus,
298 1739 369 1777 eodem
384 1738 426 1778 lere
441 1738 521 1777 tranrite
536 1738 667 1789 perreximus,
683 1750 720 1777 nee
735 1737 756 1777 in
772 1738 835 1778 trihus
844 1739 885 1778 illis
894 1739 935 1778 dis-

82 1794 231 1842 saltationibus,
248 1807 297 1846 quas
312 1795 429 1845 fragmentis
444 1794 519 1834 nostris
534 1794 628 1846 notisque
644 1793 765 1842 adiecimus,
781 1807 869 1847 unquam
884 1796 936 1835 hanc

80 1850 192 1890 modestiae
207 1851 270 1901 legem
286 1850 421 1901 migravimus.
438 1851 503 1898 erum
519 1850 571 1889 enim
587 1857 732 1901 argumentum,
748 1850 802 1901 quod
816 1853 935 1891 insecundo

81 1907 192 1957 fragmento
207 1911 309 1953 tractatur,
325 1907 435 1947 involutum
451 1907 599 1958 obscurumque
614 1919 659 1945 esse
674 1906 733 1945 nobis
748 1906 859 1957 videretur,
874 1920 935 1960 pecu-

80 1962 150 2002 liarem
166 1975 248 2014 operam
263 1963 348 2002 dandam
364 1975 409 2003 esse
424 1962 547 2015 putavimus,
571 1975 609 2014 qna
624 1962 714 2002 difficilia
730 1963 892 2012 enuclearentur,
916 1969 936 2004 et

81 2019 167 2058 obscura
181 2019 222 2058 luci
237 2032 294 2066 suae,
310 2019 400 2071 seposito
415 2020 502 2071 partium
517 2019 594 2065 studio,
609 2019 770 2059 restituerentur.
799 2019 851 2060 Hinc
866 2027 936 2061 enatae

82 2075 133 2114 duae
148 2075 194 2114 illae
209 2076 234 2115 de
249 2074 350 2115 oblatione
365 2081 385 2114 et
400 2075 552 2116 consecratione
568 2075 700 2115 eucharistiae
716 2075 879 2125 dissertationes,
901 2077 936 2117 ubi

82 2131 129 2170 inde
149 2143 160 2170 a
179 2131 251 2182 primis
272 2131 416 2171 christianismi
434 2132 522 2172 lontilrus
545 2133 610 2171 exorsi
624 2144 661 2184 per
677 2132 744 2172 omnia
760 2133 801 2172 lere
817 2134 884 2173 secula
899 2134 936 2173 iri-

81 2200 132 2234 mus,
149 2187 230 2239 etquid
246 2200 257 2227 a
274 2188 353 2227 Christo
369 2188 488 2235 institutum,
510 2188 557 2239 quid
572 2200 584 2226 a
597 2188 699 2228 veteribus
715 2189 872 2240 superadditum,
889 2190 937 2242 quid

82 2256 93 2283 a
108 2243 256 2283 recentioribus
270 2249 368 2283 mutatum
383 2244 450 2291 luerit,
469 2249 529 2295 prout
543 2256 576 2282 res
591 2244 642 2291 tulit,
659 2244 801 2284 enarravimus.
832 2246 891 2293 Quod
906 2247 936 2286 in-

82 2299 174 2338 stitutum
195 2312 257 2351 quum
275 2300 319 2338 sine
337 2300 457 2339 refutatione
477 2299 639 2339 dissentientium
657 2300 710 2339 haud
726 2300 808 2352 exsequi
823 2315 935 2354 possemus

81 2356 168 2407 primum
184 2367 207 2395 ea
222 2355 281 2394 nohis
296 2356 406 2396 refellenda
422 2356 537 2404 sumsimus,
553 2368 604 2407 quae
619 2369 631 2395 a
645 2368 687 2395 rer.
703 2356 745 2395 viro
762 2357 847 2409 Georgio
864 2360 936 2399 lliohe-

82 2412 113 2451 sio
129 2413 149 2453 S.
166 2412 189 2452 T.
206 2412 229 2453 P.
249 2412 403 2464 et‘anglioanae
422 2412 520 2453 ecclcsiae
534 2412 651 2465 presbytero
661 2409 677 2463 ³)
701 2412 725 2452 ad
741 2412 863 2456 oblationem
878 2416 936 2468 panis

129 2579 144 2620 l)
160 2581 219 2621 Editio,
236 2591 283 2623 quam
296 2581 348 2621 dedit,
363 2583 423 2623 prodiit
439 2582 504 2615 Parisiis
516 2586 553 2614 ann.
565 2581 639 2615 lllDCCll.
652 2582 792 2615 dissertationibus
805 2585 858 2617 trihus
869 2586 937 2627 praeriis

83 2626 156 2666 uotisque
169 2627 188 2657 ah
200 2627 236 2667 ipso
250 2632 315 2665 ornata,
328 2628 385 2658 coleris
398 2629 482 2667 omnibus,
495 2638 536 2669 qnae
549 2629 627 2659 haetenus
640 2627 692 2658 lucem
703 2628 781 2668 viderunt,
795 2631 891 2662 editionibus
904 2632 937 2663 lere

83 2670 148 2703 nitidior
160 2676 176 2703 et
188 2671 262 2713 amplior.
290 2671 307 2712 2}
319 2671 395 2704 Ediderat
407 2673 475 2706 Grabius
488 2672 546 2705 Oxonii
557 2672 575 2704 h.
587 2671 662 2704 lloCCtl.
675 2672 691 2704 S.
704 2672 765 2706 lreuaei
778 2684 827 2715 opcra
839 2676 872 2707 suis
885 2676 937 2708 anim-

82 2716 203 2748 adversionibus
216 2716 302 2756 illustrata,
313 2721 368 2748 contra
381 2727 420 2758 quas
433 2718 499 2759 saepius
511 2717 608 2760 pronunciat
620 2717 643 2749 Cl.
656 2717 750 2751 llassuetus.
770 2719 802 2751 Sed
815 2729 844 2752 nec
856 2720 937 2753 silentium

82 2761 113 2792 sibi
131 2761 239 2801 imposuerat,
256 2772 305 2802 qmnn
322 2763 352 2793 ista
363 2763 438 2802 vidisset,
455 2764 528 2797 Grabius.
551 2763 606 2793 Exstat
618 2763 659 2794 enim
672 2763 712 2795 inter
724 2764 775 2804 ipsius
787 2766 873 2804 posthuma
885 2766 937 2798 adhuc

83 2801 174 2836 duetore
187 2815 237 2846 penes
250 2807 285 2838 Rev.
298 2807 315 2837 ll.
330 2807 423 2839 Hiehesium
435 2809 506 2841 lrermeas
518 2808 579 2839 reoised
591 2808 621 2846 etad
634 2809 710 2840 corrected
721 2810 758 2841 raith
770 2810 858 2842 collaetans
871 2812 902 2842 end
912 2821 938 2843 re-

83 2854 152 2888 serentes
164 2853 189 2891 for
201 2862 211 2882 e
222 2862 253 2882 nero
267 2853 335 2891 edition,
354 2854 370 2883 ln
385 2855 434 2885 rchlclr
450 2856 468 2885 he
481 2854 553 2894 (testacea
565 2857 580 2883 lo
593 2854 686 2885 ertimodrert
698 2864 739 2894 epora
751 2855 775 2885 llre
787 2855 849 2887 learned
862 2857 911 2889 eatret-
921 2859 940 2897 ef

84 2896 109 2926 llic
121 2905 152 2926 nera
164 2896 276 2928 Puris-editiora
288 2900 306 2938 of
316 2898 348 2928 thel
360 2898 415 2930 Follrer
426 2899 496 2930 lineet.
513 2899 531 2929 in
543 2898 566 2928 his
579 2907 612 2929 caco
624 2899 689 2938 deferre.
714 2899 751 2930 vide
763 2899 781 2930 Β.
793 2899 862 2932 Hielreeii
874 2905 938 2934 errorent

82 2942 100 2980 os
112 2940 138 2970 llr.
155 2941 203 2972 Grube
219 2942 250 2973 arrd
265 2944 283 2983 os
293 2943 317 2972 lrr's
328 2939 435 2985 lllarnmeripts.
459 2944 475 2975 P.
484 2944 499 2974 5.
513 2942 528 2974 t.
575 2941 591 2978 3)
604 2943 701 2975 Sententiam
713 2944 750 2975 Rev.
762 2944 831 2976 Hielesii
843 2945 902 2979 dolend
911 2955 937 2977 ere

81 2993 133 3024 nuper
149 2985 244 3018 corninuarit
259 2986 281 3018 lo.
298 2986 404 3028 intimemus,
422 2989 439 3022 Α,
455 2988 475 3021 lll.
493 2992 508 3020 et
523 2987 540 3019 E.
552 2986 570 3019 A.
582 2987 599 3020 Ρ,
612 2988 675 3021 duobus
687 2988 742 3030 libris,
758 2999 827 3031 quorum
838 3000 880 3023 unus
901 2995 938 3023 ante
