1936 3304
366 154 391 188 ou
407 160 545 190 snosrrcouuu
560 161 629 189 nunus.
897 149 923 190 oe

74 270 144 317 gentos
159 266 194 303 aut
209 266 313 301 sexcentos
329 262 405 302 exarari
420 262 518 315 potuisse.
552 262 597 303 Non
612 274 645 301 me
660 261 783 313 tpridenrt
756 261 805 301 latet
818 261 924 303 Philonem

73 289 166 362 ludaeum
182 316 318 358 subtilioriet
310 318 439 370 targutiori,
460 332 518 371 quam
533 332 571 371 par
591 324 644 366 erat,
663 318 758 359 methodo
774 318 870 358 diviua'
855 319 924 361 rimari

74 392 96 419 ac
111 380 234 429 permeare
249 375 352 428 coepisse:
368 377 404 416 sed
420 389 479 428 quam
494 376 565 428 procul
581 375 605 415 ab
622 375 700 416 arcanis
715 374 842 427 sephirarum
850 382 923 428 myste-

72 435 117 482 riis,
137 436 212 472 norunt
231 432 265 484 qui
283 432 418 485 perlegerunt.
454 432 490 473 Ille
504 446 542 485 pro
557 432 699 485 Aegyptiorum
714 445 780 477 more,
804 433 857 485 apud
873 446 923 485 quos

72 492 131 532 vitam
146 488 223 540 agebat,
239 490 320 542 adaptat
322 489 436 529 onicamet
449 489 701 543 pvthaoorrcamplulosol
703 490 763 537 luam
779 489 924 540 Eusebio¹et)

73 548 192 597 Hieronymo
200 543 216 596 ²)
231 551 272 586 tes
264 546 359 594 rbus
339 551 403 586 totum
419 558 441 586 se
456 553 503 586 con
497 547 573 594 uteret
594 547 655 593 trrnde
669 548 749 594 tritum,
769 551 791 586 ut
783 546 864 598 tvulgo
880 560 923 587 ore

73 605 130 651 ditur,
147 603 172 643 de
187 615 211 643 eo
225 597 390 667 proverbium,³
382 618 396 658 η
414 597 489 644 Φιλίου
503 577 672 667 nicerioviderstl
686 599 784 645 Πλάτων
799 599 921 659 φιλωυίζυι)

72 662 96 701 ad
111 659 168 699 cuius
182 660 268 711 proinde
286 659 387 712 principia
406 672 440 700 res
459 660 536 700 divinas
556 660 646 711 exigens,
664 619 814 724 opinionesque
831 660 922 712 pbiloso

72 717 142 771 plticas
161 716 221 756 certis
242 717 340 756 librorum
360 729 463 757 sacrorum
478 717 604 768 dogmatibus
626 723 646 758 et
665 717 748 769 ancipiti
733 717 787 757 tibus
803 718 922 758 ludaeorum

72 773 213 815 traditionibus
229 772 353 822 admiscens,
369 786 485 826 compagem
501 774 603 815 evanidam
618 774 710 827 maleque
726 774 765 814 sibi
781 775 922 815 cohaerentem

73 830 154 872 strauit:
170 829 220 869 adeo
235 836 258 870 ut
272 830 384 882 patriorum
398 830 473 871 rituum
487 831 564 878 minus,
581 844 640 884 quam
654 831 795 883 allegoriarum
811 831 921 880 studiosus,

73 889 92 928 iu
106 886 221 938 vulgaribus
237 893 257 927 et
270 887 324 927 tritis
339 900 380 928 non
394 888 457 928 semel
473 889 568 936 offensus,
584 889 717 928 offensionem
729 888 921 929 incautisattulerit.

71 947 96 985 tt
117 944 214 984 insulsam
235 944 393 984 katharina-mn
411 945 531 996 farraginem
551 945 653 985 incassum
672 947 725 998 apud
741 958 787 985 eum
802 946 921 998 quaesieris.

71 1003 111 1042 Nee
132 1000 229 1041 liabhalae
248 1001 373 1053 antiquitatis
394 1007 554 1054 propugnatores
572 1002 627 1041 iuvat
647 1003 721 1042 Paulus
737 1002 842 1042 Timotheo
865 1016 921 1043 nten-

72 1060 127 1106 dans,
142 1062 165 1097 ut
180 1057 299 1109 qrribusdem
315 1058 428 1105 denuntiet
447 1072 472 1099 υυ
490 1061 521 1099 iot
514 1060 617 1099 tenderent
602 1059 690 1111 rtfobul
690 1063 741 1099 rsct
755 1072 791 1110 pou
785 1060 865 1111 reologt'
849 1073 873 1100 os
888 1064 922 1100 dr-

17 1140 19 1143 *
73 1113 214 1166 tetrametro)
243 1115 280 1155 His
296 1115 355 1164 enim,
370 1115 480 1178 interprete
494 1072 643 1167 Claipsostomo,
658 1115 813 1168 Tlteoplrvlaotm
830 1115 921 1168 aliisque,

75 1171 158 1222 digitum
177 1171 264 1212 intendit
256 1177 342 1224 apos
334 1172 387 1212 olus
401 1171 452 1212 vel
447 1178 516 1212 mstu
495 1172 564 1211 tutlam
579 1172 699 1213 ludaeorum
713 1184 759 1212 vaur
760 1178 831 1220 atem
852 1173 885 1224 qui
900 1179 923 1213 ut

75 1228 153 1280 generis
172 1230 204 1268 sui
221 1228 314 1269 nobilitat
306 1235 347 1269 tem
366 1233 432 1269 ostent
424 1235 499 1277 tarent
483 1229 636 1279 tlongamt
617 1234 744 1269 stemmatum
758 1228 831 1269 seriem
846 1242 923 1269 summa

76 1298 120 1326 rum
135 1285 264 1326 contentione
279 1297 303 1326 ac
318 1286 357 1326 fast
349 1290 371 1326 tu
386 1286 410 1325 ab
419 1286 531 1326 Abrahamo
541 1285 677 1334 accensebant,
693 1285 744 1325 Gent
736 1286 822 1337 tilesqne
830 1286 923 1334 adtidem

75 1355 182 1383 conversos
198 1342 285 1395 superba
299 1355 381 1383 avorum
396 1355 478 1383 suorum
486 1342 636 1383 enumeratione
643 1349 743 1391 venantes,
760 1342 865 1383 ecclesiam
874 1356 922 1383 con-

76 1398 190 1439 turbabant:
205 1400 237 1440 vel
251 1400 272 1440 in
287 1412 322 1439 eos
338 1413 349 1440 e
364 1399 456 1448 Graecis,
473 1399 507 1452 qm
521 1398 569 1439 licet
585 1399 664 1439 Christo
678 1411 753 1439 nornen
768 1399 881 1449 dedissent,
901 1400 923 1440 in

75 1455 177 1497 fabulosae
191 1456 322 1497 Etlmicorum
338 1456 458 1507 theogoniae
473 1456 568 1507 gradibus
582 1456 727 1508 percensendis
742 1469 824 1508 operam
839 1469 922 1509 ponere,

75 1513 175 1553 simult
155 1519 175 1553 et
195 1514 265 1554 ludere
287 1526 328 1553 non
347 1513 408 1554 destit
384 1518 472 1553 ttteran.
509 1513 633 1565 eramquam
648 1512 768 1564 probabilita
758 1517 845 1553 atenon
859 1519 922 1562 vacet,

74 1570 105 1609 lris
120 1570 208 1623 apostoli
222 1570 288 1611 verbis
300 1569 406 1610 Gnosticos
421 1569 521 1618 leririt
498 1575 521 1609 ut
534 1576 606 1621 postea
622 1570 717 1617 dicemus,
733 1582 818 1621 qtrorum
832 1570 923 1611 haeresis

74 1628 226 1679 deortumquep
226 1622 366 1681 roretroloyr'o
381 1639 392 1666 a
407 1626 490 1667 Simone
504 1626 597 1678 lllagoet
611 1627 720 1667 Menandro
735 1632 854 1678 propagata,
874 1640 924 1679 apo*

74 1683 171 1724 stolorum
186 1696 233 1724 aevo
249 1684 276 1723 alt
268 1688 298 1724 tas
314 1684 354 1724 iam
368 1683 447 1724 radices
463 1688 537 1733 egerat
522 1683 607 1724 tSed
622 1683 646 1723 de
662 1683 745 1724 lrabbala
760 1696 786 1723 ne
801 1683 923 1736 quidemco-

75 1740 148 1791 gitasse
167 1741 250 1781 Paulum
273 1754 310 1792 pro
330 1745 432 1792 comperto
452 1714 523 1780 haberi
542 1739 608 1780 debet.
643 1739 728 1780 Aliunde
747 1752 795 1792 ergo
814 1742 923 1793 repetenda

73 1797 217 1837 valentinianae
232 1798 340 1838 haereseos
354 1797 461 1849 principia.

131 1854 165 1894 22.
187 1854 291 1895 Valentino
308 1854 388 1907 quidem
403 1854 456 1894 viam
471 1853 566 1894 stravisse
584 1853 664 1906 priores
681 1852 798 1901 Gnosticos‚
818 1854 924 1907 primaque

74 1912 125 1951 male
140 1911 244 1952 constituti
259 1911 373 1963 systematis
387 1911 508 1951 lineamenta
524 1923 622 1959 exarasse,
638 1910 746 1963 perspicue
755 1909 815 1950 tradit
821 1911 923 1951 irenaeus.

76 1969 117 2016 Qut
130 1976 160 2009 est
172 1971 258 2021 patratus,
273 1968 339 2021 inquit
352 1967 387 2008 lib.
403 1981 416 2007 r.
432 1980 476 2020 cap.
492 1967 525 2008 ll.
541 1968 566 2008 ob
581 1980 604 2007 eo
618 1980 667 2019 paroc
682 1968 756 2007 aaroni·
770 1971 861 2018 praestito
876 1968 924 2009 boe-

74 2029 135 2072 resa's,
158 2029 251 2078 antiquus
271 2028 292 2066 τυ
312 2038 370 2065 sarum
386 2025 520 2065 clruructcrem
536 2025 639 2065 (doctrines
655 2025 784 2075 trousfereos
801 2023 924 2073 Valentinos,

75 2085 102 2121 stc
123 2082 218 2135 defiru'or't.
255 2083 300 2123 Non
319 2094 366 2134 ergo
385 2082 450 2134 prima
465 2082 574 2122 haereseos
589 2093 637 2131 suae
653 2081 782 2121 fundamenta
797 2080 873 2122 iecerat
886 2082 924 2123 Va-

74 2138 171 2187 lentinus,
187 2139 223 2179 sed
238 2151 249 2178 a
263 2138 364 2179 veteribus
380 2138 481 2179 Gnosticis
496 2138 548 2177 iacta
562 2143 674 2189 repererat,
695 2137 768 2189 quihus
782 2150 855 2178 novam
869 2138 924 2179 aedi-

74 2195 114 2235 srcii
129 2197 201 2236 molem
217 2197 396 2248 superimponens,
420 2208 443 2235 ea
458 2194 498 2235 sibi
512 2195 594 2247 propria
609 2194 658 2234 fecit
673 2199 693 2234 et
707 2195 730 2234 ad
745 2194 851 2247 proprium
865 2195 924 2236 insti-

74 2257 136 2292 tutum
152 2252 315 2299 accommodavit.
344 2252 396 2293 Hinc
410 2252 445 2292 lib.
460 2265 481 2291 n.
497 2265 541 2304 cap.
557 2251 590 2292 13.
605 2256 713 2304 postquam
730 2250 861 2293 emissionem
874 2253 924 2293 otoo

75 2314 94 2348 et
106 2304 227 2366 Ἀληθείας
248 2310 337 2361 antbo
357 2315 378 2349 et
391 2309 474 2350 Ennoea
494 2308 599 2349 evertisset
612 2309 707 2349 Irenaeus
726 2308 839 2361 rationique
855 2321 866 2348 e
881 2308 923 2349 dia-

75 2372 137 2405 metro
153 2367 255 2406 adversam
272 2366 440 2414 demonstrasset,
461 2365 563 2405 concludit
580 2378 634 2405 num.
650 2364 670 2405 8.
684 2365 782 2405 hactenus
797 2365 860 2413 dicta,
881 2377 924 2405 non

75 2422 169 2463 adversus
183 2422 340 2463 Valentinianos·
348 2422 419 2470 modo,
440 2422 476 2462 sed
496 2428 516 2462 et
530 2422 625 2462 adversus
641 2434 673 2461 eos
689 2424 724 2473 qui
737 2433 749 2460 o
763 2421 852 2461 antlidc
868 2429 922 2468 sunt,

75 2486 93 2519 et
107 2480 205 2519 adversus
220 2479 308 2531 rettqaos
318 2479 422 2520 erraturos
437 2479 516 2519 volere:
533 2478 557 2518 ab
571 2478 603 2517 lris
619 2477 718 2529 siquidem
733 2476 778 2516 illos
793 2476 852 2518 initia
863 2478 923 2518 emis-

74 2535 153 2576 sionum
167 2536 281 2588 accepisse,
302 2536 460 2576 demonstratum
475 2535 527 2574 libro
541 2534 607 2587 primo
623 2534 693 2574 luisse.
724 2533 839 2575 Communis
854 2534 924 2588 itaque

74 2592 139 2633 ethis
155 2598 174 2632 et
188 2592 229 2633 illis
244 2592 321 2644 primus
337 2592 386 2632 ordo
402 2591 523 2640 emissionis,
540 2603 599 2643 quem
613 2590 723 2643 impugnat,
739 2592 923 2633 eommunisutris-

75 2662 112 2700 que
127 2649 191 2701 prima
207 2656 276 2690 tetras.
305 2649 347 2690 Nec
360 2649 412 2690 haec
425 2653 508 2697 tantum,
524 2648 560 2688 sed
575 2652 595 2688 et
609 2647 704 2688 secunda.
733 2647 796 2688 Istam
815 2649 870 2689 euim
887 2649 922 2689 ubi

73 2705 165 2748 similiter
179 2707 373 2755 excussitlreneeus,
389 2705 489 2747 subnectit
502 2717 557 2745 num.
572 2705 606 2745 lu.
623 2705 645 2745 de
660 2704 748 2745 serrendo
762 2707 867 2747 cantatione
878 2705 922 2746 Ho-

73 2764 131 2803 au'ar's
147 2771 166 2804 υτ
179 2764 278 2804 Ecclesiae
294 2762 475 2814 Valentinianorum
490 2770 562 2816 potres
580 2762 635 2815 falso
651 2764 800 2812 eoprtoou'uutos
816 2762 921 2804 Garosta'cos

73 2831 117 2859 eum
131 2820 179 2860 filiis
191 2831 290 2874 perperene,
313 2833 351 2861 suo
361 2824 450 2873 proprio
464 2820 587 2861 oiorticoutes
604 2826 622 2859 υτ
635 2818 699 2859 auctos
715 2819 773 2871 fares
789 2832 821 2860 cos
838 2822 921 2860 concire-

74 2884 149 2925 reatem
165 2878 251 2930 optabile
266 2889 308 2918 esse
322 2881 384 2930 mepte
400 2880 503 2919 croissiam·
517 2878 607 2924 diceutes,
622 2878 654 2917 att
667 2876 781 2924 cerasiaco,
797 2888 822 2917 ere
836 2875 921 2918 Homine

118 2999 134 3040 1)
145 3002 184 3034 Eus.
196 2991 328 3043 lrlst.erel.ll,l.
358 3001 376 3038 2l
388 3002 453 3036 llirron.
465 3003 515 3045 Epist.
528 3001 550 3036 53
562 3002 581 3035 ad
593 3002 633 3043 llag.
646 3001 689 3035 Orat.
702 3001 748 3034 Rom.
777 3001 794 3042 3)
807 3002 816 3035 l
829 3002 869 3034 Tim.
879 3001 891 3041 l,
903 3000 919 3034 t.
