1936 3304
71 197 112 238 loe
342 209 387 237 nnn.
402 208 500 237 arnssuurr
516 209 646 237 nissenrarro
663 209 669 235 1

71 314 123 357 erat,
144 308 178 361 qui
192 309 229 351 Dei
249 309 321 350 utentis
341 309 402 350 veluti
421 308 503 349 verbum
518 321 542 349 ac
557 308 657 361 interpres
673 308 752 349 oracula
769 308 835 348 [livine
851 311 924 352 ceteris

70 366 181 419 pandebat,
202 380 225 408 ao
243 379 280 419 per
295 379 339 415 eos,
358 379 395 419 per
410 365 536 406 Sulcaeoren
550 365 645 413 inarime,
665 365 780 406 hominibus
800 365 925 408 manifestari

71 424 164 464 curabat:
191 425 265 477 quique
288 436 355 464 rerum
377 424 466 463 omnium
484 422 572 463 rationes
592 428 612 463 et
631 422 697 470 ideas,
719 436 768 475 quas
788 422 854 463 divina
868 435 925 464 ruens

71 481 221 534 complectitur,
236 494 273 532 per
279 480 378 532 Bptliium,
393 480 494 531 Ageraton
503 487 541 521 etc.
557 484 611 520 certa
626 480 711 532 quadam
725 480 858 532 proportione
867 485 926 532 atique

71 551 143 578 norma
158 538 179 578 in
194 538 320 578 Salinatorem
338 537 399 577 veluti
418 536 530 585 derivabat,
551 542 573 578 ut
590 537 624 577 hic
644 536 754 577 secundum
768 537 808 577 hoc
826 538 927 589 exemplar

73 601 146 635 cuncta
164 608 201 647 per
218 594 350 645 Enthymesin
372 600 392 634 et
417 594 546 645 Demiurgum
569 593 636 645 ellingi
659 594 758 642 studeret3
781 598 802 633 et
820 599 927 646 eapropter

73 651 200 692 Seloatorem
214 650 360 703 receptaculum
376 651 453 691 Claristi
465 651 576 703 superioris
595 658 614 691 el
627 653 735 691 rarrieersee
746 650 890 702 plenitudinis,
910 660 928 692 et

74 722 99 749 eac
119 709 208 750 orraraibns
227 713 343 758 generenam
361 720 403 747 esse
422 708 522 748 dicebant:
546 714 669 760 quopropter
691 708 833 760 beroeplaeitum
852 712 927 753 occari,

73 769 166 818 primumn
188 767 305 805 rarrieersam
324 764 417 816 pleroma
440 765 487 805 berae
508 768 571 805 seruit
586 777 626 816 per
644 778 688 805 erran
705 764 822 817 glorificare
840 763 927 805 Patrem.

75 823 115 864 Alii
128 829 194 863 aretem
208 834 233 861 eu
248 821 297 861 solis
313 820 376 861 decem
390 821 499 867 Aeonibns,
520 824 554 873 qui
571 829 620 862 sura
634 834 647 861 a
661 821 712 873 Lupo
729 829 747 862 et
762 821 800 861 Zoe'
815 824 890 869 emissi,
910 829 929 862 et

71 886 158 932 propter
173 878 209 919 boc
224 878 291 930 Lepon
306 885 324 917 et
338 877 391 918 Zoin
406 878 446 917 diei
459 890 514 924 eram,
532 885 642 930 parentum
660 881 742 919 reorru'uu
757 879 899 918 custodientem
906 876 928 929 1).

74 937 139 976 Homo
158 935 219 975 etiam
237 941 257 974 et
276 934 367 974 Ecclesia
385 934 467 985 angelus
487 934 534 983 luit,
555 934 589 987 qui
604 934 728 987 spiritalibus
743 934 869 982 hominibus,
893 948 928 975 seu

75 992 172 1033 ecclesiae
187 991 282 1031 interris
298 991 377 1043 degenti
392 991 515 1044 praelectus,
531 992 588 1043 ,lianc
602 1004 639 1044 per
653 991 731 1032 Acorres
747 991 786 1031 sibi
801 991 894 1032 subditos
910 999 930 1033 et

74 1062 112 1102 per
126 1049 249 1089 Salvatorem
268 1049 293 1089 ad
312 1048 423 1101 enernplum
438 1051 550 1101 superioris
565 1048 657 1089 ecclesiae
672 1048 759 1088 instituit
774 1054 793 1088 et
808 1049 928 1096 informavit,

75 1119 117 1155 seu,
132 1111 155 1146 ut
167 1105 287 1158 loquebatur
301 1105 433 1152 Ptolemaeus,
449 1101 576 1161 ἐφανέρωοε
590 1102 628 1146 nori
636 1100 741 1161 ἐγέννησε,
756 1109 778 1146 in
794 1105 856 1147 liccem
870 1107 930 1147 ellidii

74 1166 220 1216 peneraoitque.
250 1163 302 1202 Hinc
317 1162 376 1203 etiarn
391 1161 508 1202 inferiorern
522 1162 574 1202 hanc
588 1161 704 1209 ecclesiam,
723 1175 759 1203 seu
778 1162 879 1215 spiritales
892 1163 929 1202 lio-

75 1220 147 1268 mines,
162 1225 185 1260 ut
199 1220 302 1268 vocabant,
318 1219 425 1271 imaginem
440 1218 551 1271 superioris
567 1219 665 1260 ecclesiae
680 1218 779 1260 dicebant.
808 1219 861 1259 [lirae
870 1223 930 1260 etiam

77 1277 158 1330 quidam
173 1277 374 1317 eorumSaloaterem
389 1289 414 1317 eu
429 1276 641 1323 uvaioaeauneomous,
658 1276 730 1329 lu'spui
738 1277 817 1317 suntab
826 1276 930 1329 drttbropo

76 1342 95 1375 et
109 1334 199 1374 Ecclesia
213 1335 269 1386 factr',
284 1340 401 1386 praeratum
416 1345 461 1372 esse
468 1332 571 1373 volebant:
587 1340 606 1374 et
617 1340 704 1385 propter
719 1333 835 1374 lrecFilinm
846 1334 930 1374 leontinis

77 1404 98 1431 se
113 1391 211 1443 corcfiteri,
226 1391 281 1431 vella
292 1393 427 1442 postpenitum
442 1383 568 1443 (ἀπόγονον,
583 1393 686 1442 nepotem)
701 1390 808 1442 Arctlrropi.
837 1390 930 1431 Marcosii

76 1460 124 1488 vero
139 1447 257 1487 asserebant
271 1448 295 1487 ab
310 1447 415 1499 dratlcropo
431 1453 449 1486 et
463 1446 558 1493 Ecclesia,
573 1446 625 1499 Lopo
641 1453 660 1487 et
674 1446 712 1487 Zoe'
727 1450 812 1488 virtutes
828 1454 931 1488 errrartatas

76 1517 182 1557 generasse
202 1517 255 1551 eraut,
275 1506 310 1557 qui
326 1507 347 1544 in
366 1511 422 1543 terre
440 1504 582 1555 arceatisestetus
597 1511 636 1551 est,
652 1502 724 1544 Iesum.
753 1504 780 1544 Et
793 1504 842 1556 Lepi
855 1505 932 1556 paridem

78 1563 143 1603 lectam
158 1561 275 1614 aalirnplesse
290 1561 381 1613 propalam
397 1560 486 1607 Gabriel,
506 1559 555 1601 Zeis
570 1568 635 1601 aretem
651 1559 749 1612 Spiritum
768 1569 869 1608 saruetmn,
888 1563 931 1601 Aar-

78 1620 148 1671 tbropi
161 1626 232 1664 (irritem,
247 1618 346 1658 ditissinci
359 1620 464 1658 uirtutem:
480 1617 579 1658 Ecclesiae
593 1625 658 1658 (eruent
674 1618 738 1658 luerem
752 1621 849 1669 oirpinem
864 1626 932 1659 osten-

79 1677 137 1717 disse.
167 1675 193 1715 Et
208 1678 241 1721 sic,
257 1676 380 1727 inqrn'edant,
399 1674 434 1714 ille
453 1677 487 1726 qni
505 1682 534 1714 est
553 1675 660 1714 secundum
676 1675 836 1726 dispositionem,
856 1669 930 1716 ὁποῖ’

79 1726 214 1785 oinoropu'uu)
228 1738 337 1784 poneretur
352 1737 417 1771 aretem
432 1743 475 1770 eran
490 1731 550 1786 (παρ’
566 1725 632 1786 cadcqi,
648 1744 672 1770 ex
680 1744 710 1779 eo,
718 1732 828 1783 Aethiope,
837 1731 858 1771 ni
866 1732 932 1782 fallor)

80 1790 146 1837 borno,
166 1802 222 1841 qaaere
240 1788 301 1829 Pater
320 1791 406 1829 olitionem
426 1794 563 1828 transeuntem
579 1800 617 1840 per
631 1788 713 1828 paeleum
727 1789 783 1840 clepit
794 1801 834 1840 per
850 1789 933 1830 Verbum

80 1848 106 1887 ed
121 1849 240 1898 aperitionem
255 1843 342 1896 sraauc2),
358 1844 378 1884 id
394 1850 430 1892 est,
446 1849 468 1884 ut
482 1857 519 1897 pm·
534 1856 579 1885 eum
593 1844 709 1885 hominibus
719 1845 860 1886 innotesceret.
884 1846 932 1894 Qui-

79 1905 116 1944 bns
131 1903 182 1943 mire
198 1903 340 1942 confirmantur
355 1914 405 1953 qum
420 1901 480 1940 modo
496 1901 588 1948 elisimus,
604 1902 685 1952 angelos
700 1902 812 1949 inferiores,
829 1903 932 1943 orliaere-

80 1961 166 2001 deorum
181 1959 286 2007 sententia,
302 1958 440 2011 superioribus
455 1958 572 2010 pleromatis
587 1958 719 2007 ministrasse,
736 1964 755 1999 et
765 1960 831 1999 lesum
847 1960 932 2001 aVerbo

80 2025 175 2070 tanquam
193 2016 272 2057 divinae
290 2015 363 2056 mentis
378 2015 488 2067 interprete
503 2015 599 2063 electum,
619 2015 643 2056 ab
657 2015 762 2068 Antlnopo
777 2029 823 2057 vero
840 2021 933 2069 tanquam

81 2074 178 2115 ecclesiae
193 2074 243 2113 duce
259 2079 278 2113 et
292 2073 394 2124 praelecto
410 2072 431 2111 in
446 2072 511 2112 lucem
526 2072 608 2121 editum,
627 2081 650 2112 ut
664 2085 701 2125 per
715 2073 838 2115 Salvatorem
853 2074 933 2114 oracula

81 2131 148 2171 divina
162 2130 276 2171 hominibus
291 2130 389 2176 lirraderet,
404 2128 560 2182 inferioremque
569 2129 675 2170 ecclesiam
684 2130 777 2171 laudaret
785 2135 805 2170 et
812 2130 933 2171 institueret.

139 2187 172 2227 62.
195 2187 251 2234 Quem
264 2199 311 2227 vero
325 2186 359 2226 hic
374 2186 399 2225 de
413 2185 543 2226 interioribus
557 2185 660 2226 leoninus
675 2186 768 2227 effutiunt
782 2187 827 2236 isti,
849 2188 934 2228 totidem

82 2244 172 2297 segmina
187 2248 239 2292 sunt,
254 2243 327 2296 partim
343 2256 365 2282 er
375 2242 485 2294 Scripturis
500 2248 520 2282 ct
533 2242 642 2283 traditione
656 2243 730 2283 misere
745 2244 845 2293 dissectis,
860 2245 934 2296 partim

81 2316 106 2343 en
113 2301 263 2342 Platonicorum
276 2298 485 2352 pliilosophematibus
499 2299 539 2338 huc
553 2299 605 2339 male
620 2300 722 2339 translatis
731 2301 820 2349 collecta,
835 2302 934 2353 pessime-

82 2372 121 2412 que
140 2358 200 2399 simul
219 2362 308 2398 coirsuta.
340 2355 438 2397 Nimirum
457 2355 478 2396 in
499 2355 609 2408 Scripturis
628 2356 727 2408 legerant,
746 2370 783 2410 per
797 2358 882 2399 Verbum
898 2359 934 2399 nei

83 2418 135 2456 lacte
149 2428 194 2456 esse
209 2415 282 2463 omma,
297 2413 448 2454 DeuinPatrem
461 2412 582 2464 invisibilem
597 2426 648 2461 esse,
663 2414 764 2455 nenaincm
779 2427 866 2468 unqnmn
872 2416 934 2456 Derim

81 2473 167 2522 vidisse;
186 2472 291 2521 audierant
309 2484 320 2510 a
337 2470 429 2523 pluribus
444 2469 531 2522 antiquis
546 2469 644 2511 ccclesiae
658 2471 758 2523 patribus,
777 2472 840 2513 Deum
854 2473 935 2513 Patrem

83 2530 205 2571 invisibilem
219 2541 300 2582 semper
313 2526 422 2575 mansisse,
442 2539 480 2567 nee
498 2539 582 2580 usquam
600 2527 716 2568 horninibus
734 2528 884 2570 manifestatum
898 2543 935 2583 per

84 2601 106 2628 se
118 2588 185 2639 ipsum
199 2587 272 2635 luisse,
287 2585 324 2626 sed
338 2597 375 2637 per
389 2584 475 2625 Verbum
489 2597 558 2633 sruun,
574 2586 627 2637 quod
642 2585 714 2626 iisdem
729 2585 839 2627 identidem
853 2587 890 2627 sub
906 2588 935 2627 vi-

85 2644 139 2684 sibili
154 2644 222 2695 specie
236 2642 402 2694 coraspicicndum
417 2654 439 2681 se
454 2641 569 2693 praebebat,
584 2642 753 2695 loquebaturque,
772 2648 794 2683 ut
809 2657 833 2684 eo
848 2643 934 2684 videndo

86 2706 106 2742 et
120 2701 218 2741 audiendo
233 2699 336 2752 paullatim
352 2703 501 2739 assuescerent:
516 2699 608 2739 viderant
622 2699 643 2739 in
652 2698 725 2740 iisdem
733 2700 843 2753 Scripturis
852 2701 934 2752 passim,

84 2758 169 2799 verbum
186 2757 266 2798 Domini
291 2757 365 2796 lactum
388 2768 433 2796 esse
452 2756 476 2795 ad
497 2756 605 2808 prophetas
625 2761 645 2796 et
663 2756 684 2797 in
703 2757 728 2796 iis
751 2758 840 2797 locutum
861 2758 935 2806 fuisse3

86 2815 169 2868 angelos
192 2820 257 2854 tamen
277 2813 358 2865 saepius
373 2812 395 2851 in
409 2811 446 2853 Dei
461 2812 542 2853 nomine
562 2817 581 2852 et
595 2826 682 2865 persona
696 2813 757 2855 verba
771 2813 845 2854 fecisse
864 2819 883 2855 et
898 2816 935 2855 sub

86 2874 172 2913 humana
192 2872 255 2922 ligura
276 2869 391 2911 hominibus
411 2869 540 2921 apparuisse,
563 2869 627 2921 legem
645 2870 772 2924 disposuisse
790 2875 810 2911 et
824 2871 935 2920 ordinasse,

88 2930 185 2971 ecclesiae
203 2941 271 2969 curam
290 2927 387 2979 gessisse,
411 2926 512 2968 Christum
530 2931 620 2968 nostrum
639 2928 731 2981 angelum
749 2927 795 2968 novi
814 2929 936 2970 Testamenti

134 3054 150 3095 l)
162 3055 203 3088 lren.
216 3054 244 3094 lll,
258 3053 284 3095 16,
296 3052 312 3086 4.
337 3051 416 3094 1,12‚l.
463 3052 530 3094 2llrcn.
544 3051 613 3095 l,5‚[i.
636 3053 682 3094 S‚5:
706 3053 732 3095 12,
744 3053 760 3088 l.
783 3052 809 3096 15,
820 3055 836 3089 3.
