1936 3304
330 165 354 192 an
370 164 401 192 ra.
416 164 484 192 noran
499 162 614 191 arcuncuuu.
859 152 901 193 495

49 269 194 322 nosmetipsos,
210 262 312 306 iubemur:
335 266 496 319 quandoquidem
512 277 552 306 non
568 262 659 311 aliunde,
679 275 736 315 quam
753 276 776 304 er
790 265 830 306 hoe
845 266 901 305 lonte

49 336 114 369 cetera
134 324 200 365 onmia
220 328 327 374 praecepta
342 324 451 375 repetenda
466 324 516 371 sint,
539 334 604 375 aquo
621 333 669 360 saue
684 322 799 361 necessaria
815 323 900 374 qtradam

49 382 200 428 consecutione,
220 384 242 419 ut
257 392 302 419 cum
317 379 428 420 dialecticis
443 381 557 432 loquamur,
578 391 616 419 ceu
630 376 689 417 rivuli
705 377 785 429 quidam
801 387 900 419 emanant.

49 443 104 489 Quae
120 437 200 490 quidem
215 441 322 489 praecepta
338 437 372 484 ait,
387 441 429 476 turn
445 437 511 484 etiarn,
528 449 587 489 quum
603 435 694 475 nondum
709 436 789 474 ruerant
799 449 900 488 expressa,

46 496 142 548 riguisse,
164 493 209 545 quia
226 493 259 545 qui
275 492 362 533 caritatis
376 493 441 544 legem
456 494 601 545 profitebantur
615 493 666 532 baec
680 492 774 543 ignorare
789 505 830 532 nen
844 498 901 545 pote-

47 558 97 601 rant,
112 557 205 603 tauquam
222 550 246 589 ab
262 563 284 589 ea
299 562 371 601 reapse
384 556 484 590 contenta.

103 609 132 648 lta
147 608 185 647 ΡΡ.
201 606 290 646 uraauimi
306 619 406 646 censensu
421 607 500 654 docent,
517 619 567 658 qnae
583 606 607 646 de
622 606 901 658 noroproferuntursenteu-

48 666 97 713 tiae,
119 670 174 704 recte
197 663 349 715 ponderamlum
371 675 415 703 esse
430 676 477 703 num
493 676 537 703 cum
553 663 659 715 scripturis
675 663 750 704 sanctis
767 663 901 711 concordent3

48 721 100 775 quod
116 721 133 760 si
147 720 221 768 urinas,
237 732 282 759 esse
298 733 321 760 ex
335 719 409 760 linibus
418 720 649 772 christianaereligionis
658 719 828 761 exterminandas.
845 720 901 760 Unde

48 778 131 830 Cprillus
139 777 332 828 Hierosolymitauus
341 776 366 827 1);
382 776 487 829 „Oportet
502 777 573 829 inquit,
589 790 614 817 ne
622 777 727 816 minimum
736 777 817 829 quidem
827 777 902 829 aliquid

47 835 126 875 tradere
147 833 171 873 de
191 833 276 881 sanctis,
298 839 318 873 et
338 833 411 873 divinis
426 833 473 873 tidei
487 833 588 886 mysteriis
603 834 679 886 absque
695 833 767 874 divinis
783 833 900 886 scripturis:

47 904 113 943 neque
128 890 204 930 mereri
219 890 358 941 probabilibus
374 903 489 930 sermonum
505 889 693 942 compositionibus.
722 890 751 930 Ac
766 891 900 943 nemihiqui-

47 949 92 988 dent
106 947 157 994 haec
177 946 251 986 dicenti
269 947 328 986 tidem
344 946 447 995 adhibeto,
470 946 510 986 uisi
525 953 607 999 accepta
623 960 701 994 cortun,
725 960 775 999 quae
790 956 900 999 ponuntur,

48 1003 217 1044 demonstratione
233 1016 243 1043 e
259 1003 322 1043 sacris
337 1004 399 1055 petita
415 1003 542 1056 scripturis.“
571 1004 592 1043 Si
608 1008 675 1044 autem
690 1004 812 1044 instituenda
827 1005 901 1045 estde-

46 1060 165 1101 ratortstratic
181 1072 204 1099 ex
219 1060 282 1100 sacris
296 1060 368 1100 litteris
384 1065 453 1100 contra
468 1073 531 1100 novos
546 1073 632 1107 errores,
648 1060 668 1099 id
684 1065 739 1100 certe
753 1061 852 1112 praestari
860 1074 901 1101 non

47 1116 127 1169 poterit,
150 1116 190 1156 nisi
207 1129 258 1168 quae
274 1130 298 1157 eu
313 1117 375 1156 sacris
390 1116 463 1156 litteris
479 1117 569 1168 proxime
584 1122 604 1156 et
619 1116 735 1156 necessario
751 1125 902 1169 consequuntur

48 1173 131 1213 eartdem
146 1173 205 1213 [idem
224 1173 321 1221 habeant,
338 1178 397 1225 atque
417 1186 451 1221 ea,
471 1185 522 1225 quae
542 1173 594 1213 clare
617 1178 635 1212 et
655 1172 730 1212 diserte
749 1172 770 1212 in
785 1173 858 1213 iisdem
873 1174 902 1214 le-

48 1235 125 1280 guntur,
142 1242 202 1282 quum
218 1234 329 1269 commenta
344 1230 454 1274 hominum,
471 1242 522 1281 quae
537 1229 591 1269 delet
606 1229 655 1277 dies,
672 1229 693 1269 in
707 1242 729 1269 ea
738 1242 778 1270 non
786 1230 828 1270 sint
835 1231 902 1271 outrria

47 1286 153 1326 recensita.
182 1286 245 1337 lgitur
259 1287 283 1326 de
299 1286 398 1338 propositi
414 1287 498 1326 canonis
513 1286 596 1326 veritate
612 1286 704 1326 dubitare
719 1299 884 1339 nonpossumus.

85 1384 87 1393 Ἰ,
103 1342 164 1382 Multo
180 1355 227 1382 vero
242 1343 309 1382 nrinus
323 1343 433 1382 Lullierani
449 1343 573 1390 dubitabunt,
590 1343 622 1394 qui
639 1355 699 1394 quum
715 1347 819 1384 autumant
834 1357 901 1384 sacras

47 1398 124 1438 litteras
139 1399 232 1438 sulficere
248 1399 271 1438 ad
286 1399 390 1439 ueritatem
406 1411 485 1438 omnem
500 1399 605 1450 religionis
621 1399 785 1450 investigandam,
801 1404 861 1452 atque
877 1402 900 1441 ad

48 1467 127 1494 omneru
142 1455 256 1505 dogmatum
271 1455 419 1495 haereticorum
434 1455 565 1506 detegendam
580 1455 693 1504 falsitatem,
709 1456 731 1495 in
746 1469 769 1496 ea
785 1456 845 1497 etiam
855 1471 901 1498 csse

48 1511 120 1551 debent
142 1511 252 1559 sententia,
268 1516 295 1550 ‘ut
315 1512 406 1551 credant:
426 1524 480 1563 quae
500 1524 522 1551 ex
542 1512 687 1563 seripturarum
707 1518 822 1553 sanctarum
841 1514 901 1553 dictis

47 1567 137 1619 proxime
160 1572 179 1607 et
201 1580 283 1619 prorsus
302 1568 417 1607 necessario
438 1574 598 1619 consequuntur,
621 1581 644 1608 ea
667 1569 745 1608 etiamsi
764 1570 820 1610 luere
836 1570 901 1611 abiis

47 1623 130 1663 minime
152 1623 215 1672 dicta,
237 1630 302 1664 tamen
321 1629 416 1676 tanquam
436 1624 488 1664 dicta
507 1625 531 1664 ab
547 1625 618 1664 iisdem
633 1624 725 1665 habenda
741 1638 793 1666 esse.
824 1627 902 1674 Quodsi

49 1680 88 1719 hoc
103 1680 127 1719 de
143 1680 249 1730 scripturis
264 1681 357 1727 latentur,
374 1693 414 1720 nort
429 1680 487 1720 rideo
503 1694 539 1721 our
553 1682 580 1720 sit
595 1681 649 1721 idem
664 1681 689 1721 de
704 1683 820 1722 arrctoribus
829 1684 902 1723 ceteris

50 1735 122 1776 deirtde
137 1736 256 1787 negandum,
272 1737 391 1789 praesertim
407 1737 431 1776 de
445 1737 485 1776 ΡΡ.
501 1750 528 1777 ss.
545 1737 579 1789 qui
595 1737 657 1777 divini
670 1737 753 1778 luminis
769 1739 842 1779 auxilio
858 1740 903 1780 sulti

48 1793 95 1843 (quo
118 1805 167 1832 sane
181 1793 232 1832 ratio
248 1793 346 1833 illustrata
361 1794 414 1833 uires
430 1806 477 1833 suas
492 1794 577 1834 validius
593 1807 617 1834 ac
631 1794 694 1841 tutius
710 1808 803 1836 exercere
816 1801 903 1848 poterat)

48 1859 118 1898 agmen
136 1849 283 1889 haereticorum
303 1850 392 1890 ornrtium
407 1850 496 1901 aggressi
517 1856 573 1899 sunt,
594 1862 751 1903 aggressumque
773 1852 860 1893 feliciter
880 1867 903 1894 ac

48 1905 112 1945 fauste
126 1905 265 1957 profligarunt.
415 1957 417 1960 y

107 1962 146 2001 Sed
161 1962 200 2001 ΡΡ.
223 1963 248 2001 de
266 1962 386 2002 eucharistia
408 1967 489 2013 agentes
504 1962 551 2002 talia
565 1963 679 2014 proleruut,
695 1968 717 2002 ut
732 1965 859 2012 necessario,
883 1972 903 2005 ct

48 2017 138 2069 proxime
153 2030 177 2056 ex
191 2030 261 2057 eorum
276 2018 335 2057 dictis
343 2024 483 2069 consequatur,
491 2019 615 2070 temporibus
623 2018 671 2067 suis,
687 2019 781 2060 nimirum
790 2026 835 2061 ante
843 2034 902 2073 quar-

48 2078 91 2112 tum
105 2073 201 2121 seculum,
217 2074 321 2113 ecclesiam
337 2087 377 2113 non
392 2086 464 2125 panem
481 2079 500 2114 et
514 2075 592 2122 vinum,
608 2075 643 2114 sed
659 2088 733 2127 corpus
749 2082 769 2117 et
784 2079 902 2129 sanguinem

52 2128 125 2169 Christi
142 2129 214 2168 offerre
230 2130 363 2178 consuevisse,
380 2141 427 2180 ergo
443 2129 461 2169 si
476 2143 545 2170 eorum
554 2130 752 2183 auctoritasplnrimi
764 2133 856 2174 iacienda
865 2144 902 2184 est,

49 2186 140 2236 prolecto
155 2186 205 2225 tanti
221 2186 327 2237 pendenda
343 2191 410 2234 erunt,
431 2199 481 2238 quae
502 2187 587 2227 suntab
603 2187 675 2227 iisdem
690 2188 754 2237 dicta,
773 2201 797 2228 ac
813 2203 863 2242 quae
879 2205 903 2231 eu

50 2240 109 2281 dictis
124 2241 148 2281 ab
164 2242 194 2282 eis
208 2242 298 2294 proxime
313 2247 468 2294 consequuntur,
484 2248 503 2283 et
518 2243 641 2283 necessario.

106 2297 131 2337 Et
146 2310 194 2337 saue
210 2311 236 2338 er
247 2298 327 2350 liturgia
341 2299 403 2339 relata
418 2311 430 2338 a
445 2299 622 2339 constitutionibus
632 2300 757 2352 apostolicis,
774 2314 857 2353 quarum
868 2316 903 2343 au-

51 2353 162 2393 ctoritatem
177 2355 281 2406 permagni
300 2355 348 2395 lacit
361 2355 455 2403 Plassius,
476 2356 568 2396 observat
586 2361 643 2396 acute
658 2356 749 2397 trauains
765 2370 789 2397 eo
804 2364 902 2411 tempore,

52 2420 90 2459 quo
106 2410 185 2450 condita
200 2410 238 2450 fuit
251 2411 302 2451 haec
316 2411 402 2462 liturgia,
418 2413 547 2452 consuevisse
562 2413 665 2452 ecclesiam
673 2418 721 2464 post
729 2416 903 2456 consecrationem

52 2465 130 2514 offerre,
145 2471 165 2505 et
179 2478 220 2506 non
235 2472 301 2507 antea.
329 2468 355 2507 At
373 2473 427 2507 certe
442 2467 463 2507 id
478 2481 519 2508 nou
534 2468 572 2508 alia
588 2469 612 2508 de
628 2481 698 2509 caussa
713 2469 757 2509 fieri
772 2473 903 2514 consuevisse

51 2521 172 2569 credendum
188 2527 227 2569 est,
246 2523 286 2562 uisi
306 2524 352 2575 quia
371 2524 431 2563 etiam
446 2524 472 2563 iis
486 2525 611 2576 temporibus
626 2525 725 2577 putaverit
740 2526 832 2575 ecclesia,
849 2531 903 2580 quod

51 2576 175 2617 offerendum
190 2583 238 2627 erat,
253 2579 325 2619 mutari
340 2580 421 2619 ommno
438 2580 517 2620 debere.
548 2581 626 2628 Quodsi
641 2594 652 2620 a
667 2581 775 2630 Clemente,
790 2585 904 2626 utPfal'frus

53 2632 169 2681 arbitratur,
184 2633 199 2672 ii
215 2636 351 2686 apostolorum
367 2648 454 2676 canones
470 2637 526 2676 fuere
542 2637 632 2685 collecti,
648 2637 700 2688 quid
710 2638 772 2688 igitur
787 2646 828 2689 est,
850 2643 904 2694 quod

52 2686 154 2738 impediat,
170 2690 275 2740 quantinus
290 2691 376 2742 ingenite
392 2692 451 2731 etiam
467 2693 558 2741 latentur,
575 2698 652 2733 exstare
666 2701 797 2736 monumenta
805 2699 905 2751 antiquis-

52 2742 109 2790 sina,
125 2756 148 2783 ex
164 2744 236 2795 quibus
251 2747 341 2797 proxime
357 2752 377 2787 et
390 2749 506 2788 necessario
522 2754 658 2801 consequatur
673 2750 796 2792 oblationem
813 2756 904 2807 corporis

52 2803 72 2838 et
87 2799 189 2848 sauguinis
198 2800 272 2840 Christi
287 2803 308 2842 ia
324 2803 444 2843 eucharistia
460 2805 570 2846 credidisse
584 2806 628 2845 lieri
639 2812 736 2853 ,auctores
748 2811 812 2851 seculi
825 2811 905 2864 quarti?

108 2854 214 2895 Praeterea
228 2856 316 2898 lustinus
331 2864 405 2911 martyr
420 2857 469 2911 ait²)
491 2874 503 2901 a
521 2864 598 2903 arctatae
612 2862 678 2904 bearn
697 2868 788 2919 accipere
803 2869 905 2922 sacrificia

54 2938 259 2946 -——-——-—--——-..

98 2978 114 3018 l)
127 2979 190 3030 Cateeb.
201 2979 217 3011 tl.
287 2979 304 3019 2)
317 2981 360 3013 Orat.
372 2991 402 3023 pro
415 2983 500 3016 Christian.
513 2983 528 3016 2.
