1936 3304
506 491 529 537 ll.

323 628 619 669 raausranrrssrno
642 627 714 667 vrao

178 709 566 765 SYLllESTRd
607 708 850 766 nuzino

385 812 398 848 n
419 811 573 870 socrorarn
593 811 656 847 111111

247 888 291 935 FR.
310 887 485 935 nnanolsou's
504 887 593 936 arania
609 887 698 936 LEONI
715 887 743 934 11.
762 888 785 934 C.

467 978 483 1010 S.
507 978 524 1010 P.
549 978 566 1011 u.

149 1113 214 1160 Qiunn
231 1112 387 1165 Christophorns
402 1112 513 1152 Matthaeus
528 1112 612 1153 Psallius
631 1113 741 1164 fragmenta
761 1116 783 1151 ut
797 1110 842 1163 ipse
856 1110 946 1163 loquitur

92 1171 188 1209 (1111111111
208 1171 305 1221 quaedam
324 1170 345 1208 in
363 1169 487 1209 bibliotheca
502 1169 623 1210 Taurinensi
643 1169 764 1216 inuenisset,
786 1181 848 1219 eaque
867 1168 891 1207 ad
910 1180 945 1207 eos

91 1226 192 1272 misisset,
209 1226 243 1277 qui
258 1232 299 1265 tun]
314 1225 411 1277 temporis
426 1225 501 1265 Italicis
516 1225 619 1265 litterariis
635 1225 797 1277 ephemeridibus
814 1237 895 1276 operam
911 1224 945 1264 da-

90 1282 149 1329 bant,
166 1287 188 1321 ut
202 1282 278 1333 publici
293 1282 343 1321 iuris
359 1283 456 1329 tacerent,
474 1281 542 1333 Scipio
557 1282 649 1322 llaffeius
664 1281 694 1321 vir
708 1281 794 1328 nobilis,
810 1293 832 1321 ao
847 1280 944 1328 doctrina,

92 1338 211 1385 eruditione,
227 1339 356 1390 veritatisque
371 1338 502 1389 inquirendae
517 1338 589 1389 peritia
605 1338 752 1386 ornatissimus,
767 1337 945 1388 reiaovitateper-

91 1399 157 1433 motus
178 1394 202 1433 ad
222 1394 374 1434 celeberrimum
389 1394 520 1433 Benedictum
535 1394 631 1434 Bacchini
648 1394 742 1433 continuo
758 1393 841 1445 scripsit
855 1394 945 1432 rationes

92 1450 201 1502 explicans7
218 1450 289 1502 quihus
306 1450 329 1490 ad
346 1449 477 1490 dubitandum
492 1450 517 1489 de
531 1463 578 1490 uero
595 1462 729 1502 germanoque
743 1448 946 1490 auctorelruiusmodi

92 1507 248 1557 fragmentorum
263 1507 430 1546 commovebatur.
461 1506 517 1554 Quae
526 1519 574 1546 sane
583 1519 643 1558 qumn
650 1506 734 1546 Piaftius
742 1506 857 1550 audivisset,
870 1505 946 1545 studuit

92 1562 252 1602 dubitationibus
272 1563 329 1602 hisce
348 1562 397 1602 satis
416 1563 475 1614 plene
494 1563 560 1602 lacere
578 1563 599 1602 in
618 1564 743 1614 praefatione
763 1563 787 1602 ad
808 1562 878 1602 eadem
893 1563 945 1613 hag-

91 1627 158 1659 rnenta
174 1619 227 1658 edita
242 1619 266 1659 ab
282 1619 327 1671 ipso
336 1620 402 1670 llagae
415 1618 520 1659 Comitum.
549 1619 574 1658 At
589 1619 674 1659 celebris
682 1619 773 1659 blatteius
780 1618 846 1659 Plaftii
860 1631 945 1670 respon-

93 1676 121 1715 sis
136 1676 219 1715 minime
235 1681 340 1715 coartentus
356 1675 462 1727 epistolam
477 1675 559 1715 alteram
575 1675 640 1715 eidem
648 1675 749 1715 Bacchino
757 1675 819 1723 misit,
836 1675 945 1727 1111111111-

92 1732 143 1771 leret
158 1732 297 1783 Christophori
317 1732 416 1771 rationes:
437 1744 510 1783 resque
529 1744 570 1770 non
590 1732 728 1783 improsperos
748 1744 854 1771 successus
868 1731 945 1770 hahuit.

92 1788 188 1827 Pervenit
201 1788 251 1827 haec
267 1800 347 1838 quoque
362 1788 386 1826 ad
402 1800 473 1827 mamis
488 1787 565 1835 Plaiffi,
585 1788 619 1839 qui
634 1801 675 1827 aron
691 1788 767 1827 destitit
783 1794 849 1827 natam
864 1792 944 1827 contro-

92 1844 179 1884 rersiam
194 1843 300 1894 exagitare,
316 1850 375 1895 atque
391 1844 504 1883 aduersario
521 1856 557 1882 sno
572 1844 638 1883 nervis
654 1844 747 1883 erunibus
757 1844 795 1883 etsi
803 1856 843 1883 non
852 1843 943 1891 feliciter,

92 1913 132 1940 non
152 1900 244 1952 imperite
264 1905 331 1939 tamen
349 1899 451 1939 resistere.
485 1899 554 1951 Scipio
574 1911 615 1939 non
630 1899 716 1951 amplius
731 1900 830 1951 palaestra
844 1900 882 1939 hac
897 1913 945 1940 con-

93 1957 175 1996 tendere
190 1956 249 1996 lacile
264 1955 326 1995 voluit
341 1960 383 1995 tum
399 1956 452 2007 qnod
467 1955 590 2006 gravissimis
606 1956 772 2008 occupationibus
787 1956 945 2008 impeditusnon

91 2014 167 2064 poam,
190 2018 231 2052 tum
247 2013 300 2064 qnod
316 2012 398 2051 alteram
414 2012 519 2063 epistolam
536 2017 611 2051 tantum
627 2013 648 2051 in
663 2025 685 2051 se
700 2012 771 2051 virium
787 2025 810 2052 ac
824 2012 945 2052 firmamenti

92 2069 166 2108 habere
182 2069 280 2118 cognovit,
296 2073 317 2107 ut
332 2080 372 2107 raon
387 2069 447 2107 niodo
462 2068 552 2116 Psaltius,
568 2069 603 2108 sed
619 2080 677 2108 [remo
693 2068 791 2122 erPfattii
806 2069 875 2108 schola
891 2068 945 2108 illam

92 2126 179 2165 refutare
196 2125 310 2164 ullomodo
327 2124 416 2164 valuerit.
448 2124 505 2171 Quod
522 2130 586 2164 tamen
597 2125 689 2164 blatleius
704 2137 745 2164 non
760 2124 814 2174 iecit,
830 2124 850 2164 id
865 2125 945 2176 procul-

92 2181 153 2221 dubio
168 2186 272 2233 praestare
287 2181 308 2220 in
324 2180 390 2220 animo
405 2180 464 2220 nobis
480 2184 566 2220 estnon
582 2192 631 2220 sane
645 2181 753 2220 momentis
769 2181 858 2221 eiusdem
870 2182 944 2232 gravis-

92 2237 149 2277 simis
168 2237 326 2288 certissimisque
346 2249 396 2275 nona
418 2241 519 2276 momenta
541 2237 643 2285 addendo;
663 2236 699 2275 sed
718 2237 787 2276 eadem
803 2237 896 2277 duntaxat
912 2251 944 2277 ex-

91 2294 186 2345 plicando
202 2299 222 2333 et
238 2293 363 2344 exponendo.
393 2292 516 2343 impellimur
531 2292 631 2343 siqnidem
646 2293 670 2332 ad
685 2292 724 2331 hoc
738 2293 865 2332 efficiendum
880 2294 944 2333 homi-

92 2350 123 2389 nis
139 2351 192 2389 tanta
207 2349 326 2396 doctissimi,
341 2348 463 2400 impellimur
478 2348 553 2399 patriae
568 2348 656 2396 caritate7
671 2348 903 2401 impellimurreligione,
919 2363 944 2390 ne

93 2411 165 2445 canant
180 2405 289 2446 adversarii
304 2405 368 2445 nostri
384 2405 445 2457 (quod
461 2404 520 2444 audio
536 2416 560 2443 en
574 2404 646 2444 iisdem
662 2405 727 2445 facere
743 2406 813 2445 crebro
828 2406 944 2456 nonnullos)

93 2475 137 2503 curn
153 2462 246 2502 Horatio:

330 2533 367 2568 lam
382 2531 459 2580 Scythae
474 2530 514 2567 laxo
528 2530 638 2566 meditantur
652 2542 695 2568 11111

501 2586 567 2623 cedere
582 2587 656 2635 eampis,

148 2653 212 2704 thue
235 2653 273 2704 ipsi
289 2664 336 2700 nos,
357 2653 391 2704 qni
406 2650 498 2691 nonnihil
513 2650 534 2690 in
549 2650 696 2704 philosophicis
711 2653 771 2693 rebus
787 2653 852 2693 ualere
868 2654 944 2704 experti

92 2721 167 2757 siranus,
183 2722 208 2749 an
223 2710 243 2749 in
259 2708 336 2749 criticis
351 2709 450 2749 valeamus
467 2706 575 2759 quidquam
589 2708 943 2762 prohemustepotissinnunindice,

92 2766 149 2805 cuius
172 2771 203 2805 est
225 2777 271 2817 erga
293 2777 325 2804 me
344 2778 385 2805 non
402 2764 511 2804 mediocris
526 2763 674 2813 benevolentia,
698 2766 784 2805 studium
799 2778 847 2806 vero
863 2778 908 2817 erga
925 2773 943 2805 te

91 2834 167 2868 areum,
189 2826 209 2861 et
229 2821 347 2873 obsequium
367 2833 413 2872 erga
432 2819 582 2860 serenissimam
600 2821 695 2861 faraailiam
710 2827 764 2862 tuam
780 2822 869 2862 omnium
884 2835 944 2874 quam

91 2878 209 2917 niaximum:
226 2878 251 2917 ad
266 2890 316 2929 opus
331 2879 371 2918 hoe
386 2878 475 2917 altimum
490 2875 628 2927 applicuimus,
644 2890 756 2931 nervosque
772 2891 841 2918 omnes
856 2878 942 2918 intendi-

92 2946 142 2981 mus,
158 2939 179 2973 ut
194 2934 258 2974 eidem
274 2935 337 2974 exitus
352 2935 399 2975 felir
415 2934 534 2983 faustusque
549 2933 611 2973 detur.
642 2934 700 2980 Quor
717 2940 757 2975 [11111
772 2935 897 2986 praestitisse
909 2948 942 2975 eo-

92 3002 185 3040 gnomro,
202 3003 262 3042 qrrunr
277 2991 297 3030 id
312 2991 349 3031 tibi
364 3002 476 3042 cognovero
484 2988 591 3040 placuisse.
613 2991 738 3043 Quapropter
747 2991 842 3044 quidquid
851 2991 942 3031 llatleius
