1936 3304
30 218 49 245 r1
400 221 515 248 nnnnrarlo.

32 319 73 359 siae
92 319 196 360 historiam
215 322 345 372 spectantium
364 334 435 374 gnaro,
458 333 500 361 non
517 321 612 372 legendas
626 333 671 361 esse
687 333 765 374 semper
780 321 886 361 arbitratus

32 411 82 438 sum.
105 399 157 439 Tum
166 399 309 452 disputationes
322 401 416 441 accedunt
425 413 469 441 mea
479 401 503 441 de
513 401 589 441 ratione
600 400 683 441 Semleri
693 401 769 441 irenaei
779 401 822 441 adv.
833 400 886 441 haer.

32 490 83 529 opus
98 478 119 517 in
135 479 215 519 dubium
230 479 319 519 vocantis
335 486 354 519 et
368 480 451 520 Walchii
466 481 490 520 de
505 480 604 520 authentia
619 480 676 520 istius
691 480 764 532 operis.

89 558 161 609 Aptum
183 563 202 598 et
221 558 303 598 consilio
324 565 393 599 nostro
417 565 572 599 consentaneum
586 559 699 608 videbatur,
718 560 806 611 recipere
829 559 887 599 etiam

33 636 118 688 scripta,
134 649 184 688 qnae
198 642 287 688 spectant
302 638 326 677 ad
341 644 425 690 quatuor
439 638 515 678 henaei
529 639 637 690 fragmenta
652 651 663 678 a
677 638 702 678 ll.
718 637 753 678 Ch.
765 637 834 677 Pfallio
845 638 886 677 Tu-

32 715 124 768 bingensi
140 729 150 756 e
168 715 249 756 latebris
264 716 395 757 bibliothecae
410 717 540 757 Taurinensis
556 722 611 757 eruta
626 723 646 757 et
660 717 717 757 edita.
733 717 823 769 Namque
838 729 887 756 con-

33 800 82 843 stat,
102 795 216 847 fragmentis
236 795 274 835 illis
294 795 346 836 haud
364 808 426 848 pauca
441 796 519 844 inesse,
535 796 556 835 in
571 796 644 848 quibus
659 796 755 837 historico
771 795 887 848 antiquioris

33 874 127 914 ecclesiae
141 887 174 914 res
189 874 289 926 indaganti
303 887 360 914 mens
375 875 477 926 defigenda
492 875 524 916 sit.
555 875 594 915 Sed
607 888 617 914 a
629 875 677 915 viris
689 888 721 915 me
736 875 815 927 quidem
829 875 888 926 longe

33 953 154 993 doctioribus
167 952 208 1005 jain
223 953 257 993 diu
272 953 397 1005 deploratum
412 959 448 1002 est,
463 954 527 994 nostri
540 954 582 994 aevi
594 954 698 1006 theologos
713 966 782 1006 parum
794 953 888 994 habuisse

33 1032 130 1072 rationem
145 1033 301 1084 fragmentorum
315 1033 462 1073 Pfaflianorum.
497 1033 540 1073 Huc
560 1034 644 1083 accedit,
664 1034 717 1085 quod
732 1033 821 1085 quaestio
836 1033 888 1073 inter

32 1111 123 1151 Pfaflium
142 1117 161 1151 et
176 1111 289 1164 Scipionem
303 1112 402 1153 hlalfeium
423 1113 511 1165 aliosque
531 1113 638 1165 disputata,
654 1125 703 1152 num
717 1113 826 1165 fragmenta
839 1124 887 1164 per-

33 1191 109 1230 tineant
129 1191 153 1230 ad
168 1191 245 1230 Irenaei
265 1191 336 1243 stplum
356 1197 375 1231 et
393 1192 505 1243 ingenium,
521 1204 561 1231 non
577 1197 607 1233 est
622 1204 777 1243 supervacanea,
793 1192 828 1231 sed
843 1191 886 1231 cni-

34 1283 79 1322 quc,
95 1270 128 1322 qui
143 1270 215 1310 veteris
231 1270 319 1322 episcopi
333 1271 461 1322 lugdunensis
476 1271 563 1310 indolem
577 1271 656 1322 penitus
669 1283 730 1311 nosse
746 1271 817 1322 cupiat,
832 1270 888 1310 valde

33 1349 152 1389 necessaria.
176 1348 249 1389 Notum
265 1355 304 1398 est,
320 1350 369 1390 haec
383 1350 407 1390 ad
421 1350 484 1390 Pfaffii
498 1351 607 1402 fragmenta
622 1350 730 1402 spectantia
745 1349 819 1402 scripta
832 1349 887 1389 viro-

33 1441 78 1468 rum
97 1428 200 1468 doctorum
219 1428 316 1468 contineri
337 1429 379 1469 sola
394 1429 467 1469 Veneta
480 1428 557 1469 Irenaei
573 1429 668 1478 editione⁷
684 1429 771 1481 exceptis
786 1428 822 1475 iis,
838 1441 888 1481 quae

34 1507 70 1548 sua
85 1507 119 1547 ru.
134 1507 177 1546 1111
192 1512 211 1546 a
225 1507 252 1547 rr
267 1507 343 1559 pennus
359 1508 431 1547 acaia.
454 1497 456 1505 “

90 1586 200 1638 Apparatus
210 1591 279 1626 noster
289 1587 316 1626 ita
326 1587 431 1627 adornatus
442 1599 503 1639 quum
517 1587 616 1627 contineat
630 1592 671 1627 turn
686 1586 779 1639 quidquid
787 1586 837 1639 boni
847 1599 888 1626 non

34 1666 100 1706 solum
110 1665 180 1705 Renati
190 1665 293 1714 llassued,
309 1666 344 1705 sed
359 1666 417 1706 etiam
432 1678 519 1718 quaeque
534 1666 571 1706 alia
584 1666 660 1706 lrenaei
675 1666 735 1706 editio
746 1667 813 1705 offert:
829 1678 887 1705 caus-

35 1758 91 1794 sam,
107 1757 142 1785 cur
151 1744 274 1784 Benedictini
288 1744 346 1784 editio
360 1745 412 1797 tppis
426 1745 498 1785 iterum
513 1745 625 1785 excudenda
640 1745 739 1794 videatur,
761 1744 842 1784 omnino
852 1757 887 1784 re-

33 1830 108 1864 motam
119 1836 163 1863 esse
172 1823 264 1875 putarim.

90 1903 196 1943 Praeterea
213 1902 313 1942 fatendum
333 1908 373 1951 est,
392 1902 498 1943 noniurllos
516 1903 572 1943 locos
588 1916 599 1943 a
613 1916 645 1943 me
660 1915 705 1943 esse
720 1903 846 1950 emendatos,
862 1915 888 1942 ne

33 1982 89 2022 latini
100 1981 198 2022 sermonis
208 1981 278 2033 genius
289 1982 402 2022 auctoribus
412 1982 471 2022 irasci
480 1988 578 2034 pergeret.
599 1982 632 2023 Sic
641 1983 751 2022 hlassuetns
761 1994 805 2034 pag.
816 1983 858 2023 202
868 1995 887 2021 1.

34 2063 68 2103 25.
84 2060 165 2112 scripsit
181 2063 286 2101 coarctandi
299 2073 336 2113 pro
353 2064 469 2109 camuranam
484 2074 529 2113 pag.
539 2063 579 2103 349
590 2075 608 2101 1.
620 2064 639 2103 1.
654 2061 740 2102 lreraaeo
752 2061 890 2101 colatamu‘ondi

34 2152 106 2180 arccana
121 2139 207 2180 habeant
220 2152 257 2191 pro
273 2140 355 2180 laeronei
369 2140 511 2180 culaarurn'andr'.
528 2140 587 2188 Quod
601 2152 620 2192 p.
637 2142 676 2182 221
692 2153 711 2179 1.
728 2140 740 2182 8
755 2139 808 2179 idem
823 2139 887 2191 scrip-

34 2219 71 2259 sit:
86 2219 185 2270 indigesto
201 2219 314 2271 (inpacatum
329 2222 455 2272 orrtnipenum
468 2219 520 2260 ortale
535 2220 574 2260 sihi
582 2219 732 2260 colaeererrtt'unr
741 2219 848 2271 surruptae
859 2240 887 2246 -

35 2310 77 2337 non
97 2297 182 2346 mutavi,
202 2297 290 2349 quamvis
309 2298 361 2337 haud
380 2298 470 2349 ignorem
485 2300 611 2350 erinigenam
625 2310 661 2350 pro
677 2301 829 2350 oraratpeoorura
844 2309 888 2337 esse

35 2376 83 2417 solis
103 2376 169 2428 poetis
189 2377 289 2417 nsitatunr.
319 2376 358 2416 Sed
380 2389 405 2416 ne
420 2377 490 2428 longus
506 2377 554 2425 sim,
570 2376 617 2417 alias
633 2376 781 2416 emendationes
796 2380 886 2427 praeter-

34 2456 117 2496 mittam.
146 2456 189 2496 Hoc
201 2457 273 2496 addere
288 2456 354 2496 liceat:
378 2457 510 2507 fragmentum
524 2456 596 2508 Papiae
615 2469 639 2496 ex
653 2455 714 2508 ipsius
730 2450 831 2511 ἐξηγήσει
844 2455 888 2496 τῶν

35 2535 144 2589 aegrotatio
161 2530 231 2589 λόγων
251 2528 337 2576 sumtum
354 2535 435 2575 Pfaflius
453 2547 497 2587 pag.
514 2537 555 2577 427
570 2540 611 2575 not.
628 2537 640 2576 2
659 2547 742 2586 prorsus
761 2534 816 2573 aliter
833 2533 887 2585 legit,

36 2619 94 2665 atque
109 2612 206 2653 Routhius
221 2614 242 2653 in
256 2614 305 2654 Rell.
322 2614 390 2654 sacris.
421 2613 460 2654 Sed
475 2614 512 2654 hac
526 2614 550 2654 de
565 2627 587 2654 re
601 2614 644 2665 ipse
659 2613 742 2653 videbis.

92 2691 158 2730 Altera
172 2691 230 2731 huius
246 2692 304 2731 Tomi
318 2705 374 2744 pars,
396 2693 417 2732 in
432 2705 490 2745 quam
505 2706 515 2732 e
529 2693 613 2732 mamma
628 2692 684 2743 copia
699 2692 849 2732 annotationum
863 2691 887 2731 ab

37 2770 79 2810 aliis
99 2769 254 2821 conscriptarum
275 2771 411 2825 tantummodo
432 2771 516 2822 optimas
535 2776 650 2823 recepturus
670 2783 724 2819 sum,
747 2783 791 2810 cum
806 2769 888 2817 Tomil

37 2849 97 2889 altera
107 2854 162 2901 parte
172 2848 213 2888 Deo
224 2849 301 2889 iuvante
316 2849 363 2889 anni
377 2849 467 2901 proxime
482 2849 574 2889 instantis
588 2849 675 2901 paschali
689 2854 779 2901 tempore
793 2848 887 2902 prodibit.

94 2927 169 2979 Scripsi
184 2928 245 2968 ι11111111
260 2941 287 2968 111.
302 2928 356 2980 Sept.
370 2927 538 2968 nrncccxnnn.

556 3002 716 3070 aoonraos
732 3028 872 3069 srrnnnn.
