1936 3304
82 171 123 211 131
203 180 228 206 tu.
252 178 382 207 mssnartrm
399 176 535 205 ,trococarrca
551 177 576 204 on
593 177 715 210 raxexmxrrs
731 177 811 205 ianuam

83 281 174 329 diximus,
191 280 315 321 sufficienter
330 279 396 320 dubiis
411 277 476 330 ipsius
492 276 624 318 satisfaciunt.
655 278 732 327 Cetera⁷
748 291 799 331 aptiae
813 277 934 328 idemgene-

82 338 151 378 raliter
173 344 243 378 contra
266 332 385 378 cataonia·
404 335 475 375 horum
497 335 653 385 fragmentorum
668 341 746 383 monet,
765 349 789 376 ex
803 336 827 375 iis
843 336 934 383 maxime,

82 407 143 447 ortum
165 395 227 435 multa
250 407 272 434 ex
292 392 396 445 scripturis
417 393 476 432 citata
496 393 619 439 contineant,
640 403 720 442 gravem
735 392 789 432 illam
804 391 934 444 patribusque

82 452 137 491 illius
153 452 216 491 seculi
231 452 308 501 dignam
324 447 427 489 scribendi
441 449 539 488 rationem
556 448 623 499 colligi
638 460 679 488 non
694 462 765 500 posse,
781 454 858 488 exstare
873 461 933 499 porro

82 509 103 548 in
119 509 230 559 fragmento
247 507 334 546 secundo
349 517 419 545 vocem
432 500 503 555 iocor,
520 518 569 557 quae
584 506 666 545 Irenaeo
683 500 760 553 ἁπλῶς
771 502 809 545 acii
817 501 934 554 ἰδιωτικῶς

83 579 107 605 ex
121 565 203 616 propria
218 562 346 603 consessione
362 562 459 602 scribenti
473 563 527 602 haud
543 562 653 609 conveniat,
669 562 696 601 ita
712 567 826 613 corttparata
841 567 896 609 sunt,
913 568 934 601 ut

82 622 159 674 prolixa
175 632 215 659 nen
231 624 301 670 egeant
316 619 449 667 discussione,
466 632 526 671 quum
542 625 561 659 et
569 619 608 658 iam
617 618 731 663 dixerimus,
747 631 785 658 nos
795 619 933 669 degustrrcri-

81 679 122 717 tico
141 689 243 728 rrttrtquatu
263 676 397 716 contentionis
413 689 488 716 serram
503 676 674 727 reciprocaturos,
696 680 714 715 et
728 669 792 715 ἴσασι
805 687 843 714 1101
858 674 933 727 alioqui

82 734 109 774 sit
123 733 213 785 patribus
227 732 285 773 ualde
301 733 415 780 familiaris,
431 738 481 772 teste
496 733 597 771 commum
612 732 645 772 illa
659 731 755 784 loquendi
770 731 867 771 formula:
882 726 933 772 ἴσα-

81 803 117 831 orv
132 785 154 831 ot
169 786 335 845 papentpta'tmtb.
365 794 401 829 Ast
419 795 438 829 et
458 789 574 836 dicendum,
594 789 693 828 rrrodestia
708 789 785 828 lrenaei
804 787 864 827 nimis
879 789 933 828 abuti

82 847 144 887 celeb.
160 847 272 894 bhrrnruu,
291 847 322 886 cui
339 851 392 885 certe
407 845 590 898 eloquentissimum
605 857 718 885 sortitionem
733 845 821 884 attribuit
835 844 933 897 Hieronp-

81 901 155 953 musffl,
171 908 192 942 ut
206 909 315 951 taceamus,
330 903 359 942 lo.
375 903 422 941 Ern.
439 901 539 948 Graltium,
556 902 589 953 qui
604 902 682 941 Irenaei
698 914 758 952 opera
774 901 843 952 edidit,
858 901 879 939 in
893 902 933 941 vita

81 960 155 1011 ipsius,
172 972 231 1011 quam
247 959 376 1011 conscripsit,
400 958 564 998 eunrrmminare
579 959 678 997 berenhem
693 958 808 997 dicendine
824 958 935 998 disserendi

82 1019 235 1068 irrepentem,
250 1020 319 1067 utpote
335 1015 369 1067 qui
384 1020 461 1054 veteres
476 1014 609 1066 philosophos
624 1019 643 1053 et
658 1018 734 1066 poetas,
751 1026 801 1065 qrros
816 1014 934 1066 saepissime

82 1072 102 1112 in
118 1085 176 1113 usum
191 1084 249 1112 sutun
265 1072 331 1120 trahit,
347 1072 367 1111 in
383 1083 466 1112 succum
481 1077 501 1111 et
516 1071 632 1122 sanguinem
649 1070 775 1111 cottverterit.

139 1221 250 1271 Antequam
266 1219 291 1258 ad
306 1219 388 1259 alteram
403 1218 536 1259 discussionis
551 1224 635 1270 partem,
651 1232 701 1271 quae
711 1218 823 1269 theologica
835 1223 871 1265 est,
887 1231 934 1270 pro-

82 1276 172 1327 greditur
186 1276 216 1315 vir
231 1275 364 1323 clarissimus,
385 1276 450 1316 dormo
466 1276 598 1326 fragmentum
613 1276 723 1315 secundum
739 1274 844 1322 sollicitat,
860 1275 934 1327 aitque,

81 1331 131 1371 illud
150 1344 216 1383 neque
236 1332 259 1371 ab
275 1332 358 1371 Irenaeo
378 1344 443 1383 neque
462 1332 486 1371 ab
502 1332 542 1370 ullo
559 1332 657 1383 scriptore
672 1331 733 1371 veteri
748 1332 850 1382 proticisci
864 1344 933 1382 posse.

81 1388 163 1427 Exstare
179 1389 254 1440 quippe
268 1388 349 1436 ibidem,
364 1388 472 1428 Dctttinnnt
487 1391 508 1428 itt
523 1388 547 1427 tt.
558 1388 578 1428 T.
594 1400 668 1427 atonem
683 1388 801 1428 oblationem
815 1390 934 1437 i'tastituisse,

81 1444 203 1496 probarique
223 1446 275 1484 dicto
291 1444 399 1484 Malachiae
418 1444 448 1490 ia,
470 1445 522 1496 [pared
542 1444 633 1485 adductis
653 1444 696 1484 aliis
717 1444 829 1495 scripturae
844 1444 894 1483 locis
910 1445 935 1483 de

83 1501 181 1541 sacrificio
197 1502 228 1541 sui
244 1501 308 1553 ipsius
324 1507 344 1541 et
358 1501 422 1540 laudis
438 1501 516 1541 (livinae
532 1507 600 1541 contra
617 1512 742 1540 conumutem
757 1507 836 1552 patrum
849 1513 934 1541 consen-

83 1571 127 1598 sum
148 1558 267 1609 explicetur,
292 1558 326 1608 qui
345 1558 411 1597 locum
430 1558 538 1597 blalachiae
558 1570 627 1598 enarres
647 1558 672 1597 de
687 1557 786 1597 sacrificio
802 1557 935 1597 eucharistiae

83 1620 174 1661 externo,
193 1614 337 1666 praeeuntibus
355 1614 388 1653 hic
402 1614 479 1653 Iustino
498 1627 525 1655 m.
541 1621 560 1654 et
574 1615 668 1662 Irenaeo,
689 1613 795 1665 explicent.
825 1613 894 1662 Addit,
913 1614 935 1653 in

83 1672 193 1721 fragmento
216 1679 285 1710 nostro
309 1671 401 1710 connecti
424 1684 456 1718 ea,
483 1683 534 1722 quae
557 1671 616 1722 plane
639 1670 680 1709 siut
700 1671 843 1722 heterogenea,
865 1670 935 1710 incon-

84 1739 171 1779 gruaque
187 1740 211 1766 ex
226 1741 261 1775 eo,
285 1728 338 1778 qarod
359 1727 432 1766 oltlatio
452 1727 584 1767 eucharistiae
604 1727 630 1766 sit
649 1727 768 1778 spiritualis,
784 1726 866 1774 iulerri,
882 1727 935 1779 qtrcd

83 1784 125 1823 Deo
147 1783 206 1834 panis
229 1790 248 1823 et
268 1784 362 1835 poculmn
380 1783 538 1830 benedictionis,
559 1796 608 1835 quae
627 1784 697 1835 utique
711 1796 744 1823 res
759 1784 872 1824 materiales
887 1784 934 1832 sint,

83 1840 128 1879 heic
144 1840 258 1879 offerantur.
289 1839 362 1879 Obiicit
376 1851 449 1890 porro,
465 1852 505 1878 tacit
521 1839 664 1891 comprehendi
679 1852 749 1891 posse,
773 1853 808 1880 cur
823 1839 877 1879 nulla
891 1853 934 1880 ver-

83 1896 155 1935 borum
177 1895 320 1943 institutionis,
347 1908 398 1946 qrtac
420 1895 473 1935 iuxta
501 1901 578 1936 veteres
601 1896 625 1934 ad
648 1896 753 1935 essentiam
777 1897 935 1936 consecrationis

83 1952 142 1992 rachis
169 1964 248 2004 [paratque
274 1952 328 1991 baud
353 1952 484 1992 diffitentibus
513 1952 636 2003 pertineant,
665 1952 698 1991 hic
727 1951 827 1992 iniiciatur
852 1953 935 1993 mentio.

83 2008 174 2060 benique
194 2015 214 2049 et
235 2008 343 2048 clausulam
358 2009 464 2059 fragmenti
479 2009 549 2058 huius,
573 2021 612 2060 qua
626 2009 708 2060 ponitur
721 2009 875 2062 πνευματικῶς
889 2006 935 2050 lsi-

83 2065 230 2118 τουργοῦντες,
246 2065 384 2117 spiritualiter
397 2067 480 2105 iecissent
495 2066 598 2117 foetentes,
615 2065 722 2105 absurdam
738 2078 782 2105 esse
790 2066 935 2118 ridiculamque

84 2121 196 2161 arbitratur¹
232 2123 269 2161 Ast
290 2122 385 2161 miramur
408 2122 492 2173 oppido,
515 2122 564 2161 haec
584 2122 672 2162 scrihere
690 2122 781 2174 potuisse
797 2122 935 2163 doctissimum

83 2183 174 2217 nostrum
192 2178 306 2225 liturarum,
327 2178 361 2229 epti
381 2190 428 2217 sane
447 2184 505 2217 notas
525 2183 602 2218 nostras
622 2178 642 2216 in
661 2179 700 2218 hoc
719 2179 851 2228 fragmentum
869 2179 935 2230 Hagac

84 2234 182 2274 Cernitum
201 2235 265 2273 editas
284 2234 357 2284 legisse
377 2234 429 2273 haud
449 2234 536 2280 videtur,
556 2234 591 2273 ubi
610 2234 648 2273 ista
668 2234 734 2273 orrrrria
750 2235 789 2273 iam
804 2235 866 2274 diluta
882 2242 934 2275 sunt.

83 2290 114 2330 lbi
136 2290 189 2329 enim
211 2289 345 2336 ostendimus,
370 2292 389 2339 1)
409 2289 513 2329 irenaeum
533 2290 603 2342 utique
620 2302 658 2341 per
673 2290 792 2330 oblationem
806 2303 880 2331 tiooom
894 2304 935 2332 non

83 2359 154 2399 preces
174 2347 210 2386 sed
229 2353 330 2385 externam
344 2345 403 2397 pranis
419 2351 439 2385 et
453 2346 493 2385 11111
508 2345 630 2386 oblationem
644 2346 776 2394 intellexisse,
797 2353 825 2394 et,
847 2349 898 2399 quod
914 2349 934 2388 in

83 2409 153 2443 nostro
170 2416 249 2455 quoqne
265 2403 375 2453 [ragmento
391 2402 422 2448 ht,
443 2402 469 2441 ita
485 2402 529 2441 loca
545 2402 569 2443 de
584 2403 688 2443 sacrificiis
704 2404 791 2444 externis
807 2409 827 2444 et
841 2404 934 2456 spiritua-

83 2460 136 2500 libus
152 2472 220 2499 secnrn
235 2459 322 2498 invicem
336 2459 357 2497 in
372 2458 429 2498 libris
444 2459 539 2497 adversus
554 2460 648 2499 haereses
663 2460 771 2499 miscuisse
782 2465 802 2501 et
811 2460 934 2509 contudisse,

83 2521 115 2562 ut,
135 2516 175 2555 uisi
196 2522 235 2556 tam
256 2516 331 2567 apertis
346 2514 413 2554 verbis
429 2515 549 2554 oblationem
565 2521 665 2556 externam
681 2516 832 2567 descripsisset,
852 2518 876 2557 de
892 2518 935 2558 sola

84 2574 126 2612 lere
142 2572 246 2624 spirituali,
263 2584 313 2624 quae
325 2577 393 2611 tamen
408 2575 428 2610 et
443 2571 515 2623 prioris
531 2573 596 2613 anima
611 2578 647 2620 est,
664 2585 709 2613 eum
724 2572 812 2612 locutum
822 2574 883 2613 tuisse
892 2588 934 2614 ere-

84 2630 150 2668 deres.
180 2630 201 2677 2)
216 2629 292 2668 Locum
311 2627 420 2668 Malachiae
439 2641 449 2667 a
468 2627 558 2678 patribus
578 2642 622 2668 mox
642 2629 666 2669 de
681 2628 776 2680 primitiis
792 2635 811 2669 et
826 2630 936 2671 decimisa

84 2685 201 2724 Christianis
217 2684 335 2732 offerendis,
357 2697 402 2723 mox
422 2684 446 2723 de
462 2684 561 2724 oblatione
576 2685 714 2732 eucharistica,
730 2698 776 2725 mox
791 2686 934 2738 depraedica-

83 2742 138 2781 tione
154 2742 290 2792 apostoloram]
306 2746 325 2781 et
341 2741 365 2781 de
381 2740 485 2780 sacrificiis
500 2740 637 2792 spiritualibus
652 2741 728 2788 laudis,
743 2755 790 2782 mox
805 2743 829 2782 de
841 2744 935 2794 precibus

85 2803 104 2837 et
123 2797 217 2849 operibus
236 2798 295 2836 bonis
315 2796 419 2849 explicari,
439 2797 524 2848 primam
543 2798 662 2838 seutentiam
677 2798 765 2838 tenuisse
781 2800 935 2840 constitutiones

85 2854 212 2905 apostolicas,
229 2854 337 2894 secundam
352 2854 450 2893 Iustinum
464 2866 497 2901 m,
513 2855 593 2894 tertiam
607 2855 758 2903 Tertullianum,
774 2861 864 2908 quartam
871 2856 934 2897 Eusc-

131 2954 146 2991 tt
159 2956 196 2986 Vide
209 2956 247 2988 diss.
261 2955 276 2987 2.
290 2955 309 2987 dc
322 2956 409 2997 praeiudie.
423 2954 478 2987 Tltenl.
491 2952 507 2995 ξ.
521 2955 547 2987 ll.
560 2966 575 2997 p.
590 2956 626 2989 158.

131 2999 147 3039 2}
160 3000 293 3034 concitassent
306 3001 344 3033 diss.
358 3011 410 3043 praev.
424 3000 439 3032 2.
453 3001 468 3032 in
482 3000 523 3032 lren.
536 2999 551 3042 ξ.
564 3002 580 3033 1.
