<?xml version="1.0" encoding="UTF-8"?>
<!DOCTYPE html PUBLIC "-//W3C//DTD XHTML 1.0 Transitional//EN"
    "http://www.w3.org/TR/xhtml1/DTD/xhtml1-transitional.dtd">
<html xmlns="http://www.w3.org/1999/xhtml" xml:lang="en" lang="en">
 <head>
  <title>
</title>
<meta http-equiv="Content-Type" content="text/html;charset=utf-8" />
  <meta name='ocr-system' content='tesseract 3.04.00' />
  <meta name='ocr-capabilities' content='ocr_page ocr_carea ocr_par ocr_line ocrx_word'/>
</head>
<body>
  <div class='ocr_page' id='page_1' title='image "./lta-11000/MN41654ucmf_1/MN41654ucmf_1_0133.png"; bbox 0 0 1936 3304; ppageno 0'>
   <div class='ocr_carea' id='block_1_1' title="bbox 337 179 897 219">
    <p class='ocr_par' dir='ltr' id='par_1_1' title="bbox 337 179 897 219">
     <span class='ocr_line' id='line_1_1' title="bbox 337 179 897 219; baseline 0 -1"><span class='ocrx_word' id='word_1_1' title='bbox 337 191 363 219; x_wconf 81' lang='lat' dir='ltr'>nu</span> <span class='ocrx_word' id='word_1_2' title='bbox 379 190 518 219; x_wconf 87' lang='lat' dir='ltr'>cnosrrconun</span> <span class='ocrx_word' id='word_1_3' title='bbox 532 190 601 219; x_wconf 83' lang='lat' dir='ltr'>nunus.</span> <span class='ocrx_word' id='word_1_4' title='bbox 871 179 897 218; x_wconf 79' lang='lat' dir='ltr'>nt]</span> 
     </span>
    </p>
   </div>
   <div class='ocr_carea' id='block_1_2' title="bbox 44 290 945 3023">
    <p class='ocr_par' dir='ltr' id='par_1_2' title="bbox 44 290 945 3023">
     <span class='ocr_line' id='line_1_2' title="bbox 44 290 897 345; baseline -0.008 -7"><span class='ocrx_word' id='word_1_5' title='bbox 44 293 110 338; x_wconf 78' lang='lat' dir='ltr'>solent</span> <span class='ocrx_word' id='word_1_6' title='bbox 124 291 264 343; x_wconf 79' lang='lat' dir='ltr'>llfouopeueot3</span> <span class='ocrx_word' id='word_1_7' title='bbox 284 290 410 344; x_wconf 88' lang='lat' dir='ltr'>ignorantiae</span> <span class='ocrx_word' id='word_1_8' title='bbox 424 291 510 345; x_wconf 81' lang='lat' dir='ltr'>proinde</span> <span class='ocrx_word' id='word_1_9' title='bbox 525 291 615 333; x_wconf 91' lang='lat' dir='ltr'>tenebris</span> <span class='ocrx_word' id='word_1_10' title='bbox 630 296 701 344; x_wconf 86' lang='lat' dir='ltr'>suapte</span> <span class='ocrx_word' id='word_1_11' title='bbox 716 296 787 332; x_wconf 87' lang='lat' dir='ltr'>natura</span> <span class='ocrx_word' id='word_1_12' title='bbox 802 291 897 333; x_wconf 83' lang='lat' dir='ltr'>obvoluti.</span> 
     </span>
     <span class='ocr_line' id='line_1_3' title="bbox 44 348 898 402; baseline -0.002 -11"><span class='ocrx_word' id='word_1_13' title='bbox 44 354 113 402; x_wconf 85' lang='lat' dir='ltr'>Longe</span> <span class='ocrx_word' id='word_1_14' title='bbox 128 348 292 400; x_wconf 85' lang='lat' dir='ltr'>igituralterius,</span> <span class='ocrx_word' id='word_1_15' title='bbox 308 349 432 390; x_wconf 82' lang='lat' dir='ltr'>sublimioris</span> <span class='ocrx_word' id='word_1_16' title='bbox 447 362 471 390; x_wconf 89' lang='lat' dir='ltr'>ac</span> <span class='ocrx_word' id='word_1_17' title='bbox 485 349 614 402; x_wconf 74' lang='lat' dir='ltr'>perfectioris</span> <span class='ocrx_word' id='word_1_18' title='bbox 629 355 712 389; x_wconf 91' lang='lat' dir='ltr'>naturae</span> <span class='ocrx_word' id='word_1_19' title='bbox 726 349 775 397; x_wconf 85' lang='lat' dir='ltr'>Nus,</span> <span class='ocrx_word' id='word_1_20' title='bbox 791 362 850 402; x_wconf 75' lang='lat' dir='ltr'>otram</span> <span class='ocrx_word' id='word_1_21' title='bbox 865 362 898 390; x_wconf 89' lang='lat' dir='ltr'>ee-</span> 
     </span>
     <span class='ocr_line' id='line_1_4' title="bbox 45 405 898 459; baseline -0.007 -8"><span class='ocrx_word' id='word_1_22' title='bbox 45 408 84 451; x_wconf 91' lang='lat' dir='ltr'>teri</span> <span class='ocrx_word' id='word_1_23' title='bbox 98 406 184 447; x_wconf 84' lang='lat' dir='ltr'>Aeones.</span> <span class='ocrx_word' id='word_1_24' title='bbox 212 406 238 446; x_wconf 85' lang='lat' dir='ltr'>Et</span> <span class='ocrx_word' id='word_1_25' title='bbox 253 407 343 459; x_wconf 89' lang='lat' dir='ltr'>quamvis</span> <span class='ocrx_word' id='word_1_26' title='bbox 358 418 428 446; x_wconf 88' lang='lat' dir='ltr'>omnes</span> <span class='ocrx_word' id='word_1_27' title='bbox 444 406 465 445; x_wconf 92' lang='lat' dir='ltr'>in</span> <span class='ocrx_word' id='word_1_28' title='bbox 479 408 571 447; x_wconf 73' lang='lat' dir='ltr'>aleonum</span> <span class='ocrx_word' id='word_1_29' title='bbox 584 405 666 447; x_wconf 88' lang='lat' dir='ltr'>nomine</span> <span class='ocrx_word' id='word_1_30' title='bbox 675 405 812 455; x_wconf 85' lang='lat' dir='ltr'>convenirent,</span> <span class='ocrx_word' id='word_1_31' title='bbox 827 411 898 446; x_wconf 89' lang='lat' dir='ltr'>natura</span> 
     </span>
     <span class='ocr_line' id='line_1_5' title="bbox 46 462 898 516; baseline -0.006 -8"><span class='ocrx_word' id='word_1_32' title='bbox 46 464 155 508; x_wconf 88' lang='lat' dir='ltr'>dissimiles</span> <span class='ocrx_word' id='word_1_33' title='bbox 169 462 233 503; x_wconf 89' lang='lat' dir='ltr'>fuisse</span> <span class='ocrx_word' id='word_1_34' title='bbox 247 463 317 516; x_wconf 87' lang='lat' dir='ltr'>liquet.</span> <span class='ocrx_word' id='word_1_35' title='bbox 346 463 409 504; x_wconf 91' lang='lat' dir='ltr'>Porro</span> <span class='ocrx_word' id='word_1_36' title='bbox 425 463 450 502; x_wconf 92' lang='lat' dir='ltr'>de</span> <span class='ocrx_word' id='word_1_37' title='bbox 465 464 570 515; x_wconf 85' lang='lat' dir='ltr'>utrisque,</span> <span class='ocrx_word' id='word_1_38' title='bbox 586 468 681 516; x_wconf 86' lang='lat' dir='ltr'>quantum</span> <span class='ocrx_word' id='word_1_39' title='bbox 697 476 721 503; x_wconf 85' lang='lat' dir='ltr'>en</span> <span class='ocrx_word' id='word_1_40' title='bbox 735 464 819 503; x_wconf 78' lang='lat' dir='ltr'>Irenaeo</span> <span class='ocrx_word' id='word_1_41' title='bbox 835 463 898 503; x_wconf 87' lang='lat' dir='ltr'>eonii-</span> 
     </span>
     <span class='ocr_line' id='line_1_6' title="bbox 47 519 866 568; baseline -0.006 -4"><span class='ocrx_word' id='word_1_42' title='bbox 47 534 92 565; x_wconf 88' lang='lat' dir='ltr'>oere</span> <span class='ocrx_word' id='word_1_43' title='bbox 106 520 160 568; x_wconf 86' lang='lat' dir='ltr'>licet,</span> <span class='ocrx_word' id='word_1_44' title='bbox 176 520 206 560; x_wconf 94' lang='lat' dir='ltr'>sic</span> <span class='ocrx_word' id='word_1_45' title='bbox 221 521 349 561; x_wconf 87' lang='lat' dir='ltr'>statuendum</span> <span class='ocrx_word' id='word_1_46' title='bbox 362 519 447 560; x_wconf 89' lang='lat' dir='ltr'>videtur.</span> <span class='ocrx_word' id='word_1_47' title='bbox 864 547 866 550; x_wconf 29' lang='grc' dir='ltr'><em>ψ</em></span> 
     </span>
     <span class='ocr_line' id='line_1_7' title="bbox 103 576 898 629; baseline -0.001 -12"><span class='ocrx_word' id='word_1_48' title='bbox 103 576 138 618; x_wconf 77' lang='lat'>57.</span> <span class='ocrx_word' id='word_1_49' title='bbox 167 577 285 629; x_wconf 87' lang='lat' dir='ltr'>llonogenis</span> <span class='ocrx_word' id='word_1_50' title='bbox 301 576 382 629; x_wconf 88' lang='lat' dir='ltr'>quidem</span> <span class='ocrx_word' id='word_1_51' title='bbox 397 578 488 617; x_wconf 87' lang='lat' dir='ltr'>naturam</span> <span class='ocrx_word' id='word_1_52' title='bbox 503 576 590 617; x_wconf 88' lang='lat' dir='ltr'>divinam</span> <span class='ocrx_word' id='word_1_53' title='bbox 604 577 677 626; x_wconf 85' lang='lat' dir='ltr'>fuisse,</span> <span class='ocrx_word' id='word_1_54' title='bbox 694 584 748 618; x_wconf 84' lang='lat' dir='ltr'>entra</span> <span class='ocrx_word' id='word_1_55' title='bbox 763 576 846 617; x_wconf 88' lang='lat' dir='ltr'>dubium</span> <span class='ocrx_word' id='word_1_56' title='bbox 861 581 898 617; x_wconf 90' lang='lat' dir='ltr'>est.</span> 
     </span>
     <span class='ocr_line' id='line_1_8' title="bbox 48 633 899 686; baseline -0.002 -11"><span class='ocrx_word' id='word_1_57' title='bbox 48 635 86 685; x_wconf 79' lang='lat' dir='ltr'>Qui</span> <span class='ocrx_word' id='word_1_58' title='bbox 101 634 156 674; x_wconf 92' lang='lat' dir='ltr'>enim</span> <span class='ocrx_word' id='word_1_59' title='bbox 171 633 243 674; x_wconf 89' lang='lat' dir='ltr'>similis</span> <span class='ocrx_word' id='word_1_60' title='bbox 259 639 279 674; x_wconf 90' lang='lat' dir='ltr'>et</span> <span class='ocrx_word' id='word_1_61' title='bbox 290 633 379 686; x_wconf 82' lang='lat' dir='ltr'>aequalis</span> <span class='ocrx_word' id='word_1_62' title='bbox 388 646 482 686; x_wconf 89' lang='lat' dir='ltr'>supremo</span> <span class='ocrx_word' id='word_1_63' title='bbox 491 633 546 673; x_wconf 91' lang='lat' dir='ltr'>Patri</span> <span class='ocrx_word' id='word_1_64' title='bbox 557 634 656 682; x_wconf 75' lang='lat' dir='ltr'>statuitur,</span> <span class='ocrx_word' id='word_1_65' title='bbox 672 635 802 686; x_wconf 89' lang='lat' dir='ltr'>perfecteque</span> <span class='ocrx_word' id='word_1_66' title='bbox 817 634 899 686; x_wconf 87' lang='lat' dir='ltr'>capiens</span> 
     </span>
     <span class='ocr_line' id='line_1_9' title="bbox 47 689 945 744; baseline -0.003 -10"><span class='ocrx_word' id='word_1_67' title='bbox 47 690 205 743; x_wconf 81' lang='lat' dir='ltr'>magnitudinem</span> <span class='ocrx_word' id='word_1_68' title='bbox 221 692 274 739; x_wconf 87' lang='lat' dir='ltr'>eius,</span> <span class='ocrx_word' id='word_1_69' title='bbox 297 696 367 731; x_wconf 90' lang='lat' dir='ltr'>natura</span> <span class='ocrx_word' id='word_1_70' title='bbox 389 689 473 730; x_wconf 89' lang='lat' dir='ltr'>inferior</span> <span class='ocrx_word' id='word_1_71' title='bbox 492 703 537 730; x_wconf 89' lang='lat' dir='ltr'>esse</span> <span class='ocrx_word' id='word_1_72' title='bbox 556 703 598 731; x_wconf 92' lang='lat' dir='ltr'>non</span> <span class='ocrx_word' id='word_1_73' title='bbox 615 696 688 744; x_wconf 87' lang='lat' dir='ltr'>potest.</span> <span class='ocrx_word' id='word_1_74' title='bbox 717 691 743 731; x_wconf 86' lang='lat' dir='ltr'>Et</span> <span class='ocrx_word' id='word_1_75' title='bbox 761 691 859 743; x_wconf 84' lang='lat' dir='ltr'>quidquid</span> <span class='ocrx_word' id='word_1_76' title='bbox 874 691 899 730; x_wconf 87' lang='lat' dir='ltr'>de</span> <span class='ocrx_word' id='word_1_77' title='bbox 943 700 945 706; x_wconf 88' lang='grc'><strong>’</strong></span> 
     </span>
     <span class='ocr_line' id='line_1_10' title="bbox 46 747 900 801; baseline -0.006 -10"><span class='ocrx_word' id='word_1_78' title='bbox 46 751 88 792; x_wconf 90' lang='lat' dir='ltr'>Deo</span> <span class='ocrx_word' id='word_1_79' title='bbox 103 748 162 788; x_wconf 88' lang='lat' dir='ltr'>Patre</span> <span class='ocrx_word' id='word_1_80' title='bbox 181 748 283 788; x_wconf 86' lang='lat' dir='ltr'>senserint</span> <span class='ocrx_word' id='word_1_81' title='bbox 300 747 407 795; x_wconf 91' lang='lat' dir='ltr'>haeretici,</span> <span class='ocrx_word' id='word_1_82' title='bbox 427 747 467 787; x_wconf 92' lang='lat' dir='ltr'>nisi</span> <span class='ocrx_word' id='word_1_83' title='bbox 484 747 565 801; x_wconf 88' lang='lat' dir='ltr'>penitus</span> <span class='ocrx_word' id='word_1_84' title='bbox 584 747 714 794; x_wconf 77' lang='lat' dir='ltr'>insanierint,</span> <span class='ocrx_word' id='word_1_85' title='bbox 734 748 782 788; x_wconf 85' lang='lat' dir='ltr'>huic</span> <span class='ocrx_word' id='word_1_86' title='bbox 799 749 844 788; x_wconf 83' lang='lat' dir='ltr'>Nun</span> <span class='ocrx_word' id='word_1_87' title='bbox 863 760 900 788; x_wconf 91' lang='lat' dir='ltr'>seu</span> 
     </span>
     <span class='ocr_line' id='line_1_11' title="bbox 47 804 900 857; baseline -0.005 -9"><span class='ocrx_word' id='word_1_88' title='bbox 47 808 133 848; x_wconf 87' lang='lat' dir='ltr'>Mentem</span> <span class='ocrx_word' id='word_1_89' title='bbox 148 804 192 845; x_wconf 92' lang='lat' dir='ltr'>eius</span> <span class='ocrx_word' id='word_1_90' title='bbox 207 805 337 857; x_wconf 81' lang='lat' dir='ltr'>aequaverint</span> <span class='ocrx_word' id='word_1_91' title='bbox 350 817 434 845; x_wconf 88' lang='lat' dir='ltr'>necesse</span> <span class='ocrx_word' id='word_1_92' title='bbox 450 810 487 845; x_wconf 82' lang='lat' dir='ltr'>est.</span> <span class='ocrx_word' id='word_1_93' title='bbox 511 805 542 845; x_wconf 83' lang='lat' dir='ltr'>An</span> <span class='ocrx_word' id='word_1_94' title='bbox 552 818 610 854; x_wconf 84' lang='lat' dir='ltr'>vero,</span> <span class='ocrx_word' id='word_1_95' title='bbox 627 806 680 857; x_wconf 86' lang='lat' dir='ltr'>quod</span> <span class='ocrx_word' id='word_1_96' title='bbox 697 805 794 845; x_wconf 87' lang='lat' dir='ltr'>catholiea</span> <span class='ocrx_word' id='word_1_97' title='bbox 809 805 860 845; x_wconf 90' lang='lat' dir='ltr'>fides</span> <span class='ocrx_word' id='word_1_98' title='bbox 876 805 900 844; x_wconf 92' lang='lat' dir='ltr'>de</span> 
     </span>
     <span class='ocr_line' id='line_1_12' title="bbox 46 861 900 915; baseline -0.004 -10"><span class='ocrx_word' id='word_1_99' title='bbox 46 863 83 906; x_wconf 82' lang='lat' dir='ltr'>nei</span> <span class='ocrx_word' id='word_1_100' title='bbox 97 862 149 902; x_wconf 78' lang='lat' dir='ltr'>Pilio</span> <span class='ocrx_word' id='word_1_101' title='bbox 165 862 230 910; x_wconf 90' lang='lat' dir='ltr'>docet,</span> <span class='ocrx_word' id='word_1_102' title='bbox 245 862 291 902; x_wconf 89' lang='lat' dir='ltr'>Nun</span> <span class='ocrx_word' id='word_1_103' title='bbox 306 861 463 902; x_wconf 86' lang='lat' dir='ltr'>existimaverint</span> <span class='ocrx_word' id='word_1_104' title='bbox 477 874 586 915; x_wconf 90' lang='lat' dir='ltr'>personam</span> <span class='ocrx_word' id='word_1_105' title='bbox 601 861 752 911; x_wconf 87' lang='lat' dir='ltr'>subsistentem,</span> <span class='ocrx_word' id='word_1_106' title='bbox 770 875 781 902; x_wconf 94' lang='lat' dir='ltr'>a</span> <span class='ocrx_word' id='word_1_107' title='bbox 795 862 855 902; x_wconf 84' lang='lat' dir='ltr'>Patre</span> <span class='ocrx_word' id='word_1_108' title='bbox 870 861 900 901; x_wconf 92' lang='lat' dir='ltr'>di-</span> 
     </span>
     <span class='ocr_line' id='line_1_13' title="bbox 48 916 901 972; baseline -0.002 -12"><span class='ocrx_word' id='word_1_109' title='bbox 48 920 147 967; x_wconf 88' lang='lat' dir='ltr'>stinctam,</span> <span class='ocrx_word' id='word_1_110' title='bbox 163 919 253 959; x_wconf 90' lang='lat' dir='ltr'>eiusdem</span> <span class='ocrx_word' id='word_1_111' title='bbox 268 924 335 959; x_wconf 90' lang='lat' dir='ltr'>tamen</span> <span class='ocrx_word' id='word_1_112' title='bbox 350 932 396 959; x_wconf 90' lang='lat' dir='ltr'>cum</span> <span class='ocrx_word' id='word_1_113' title='bbox 406 918 452 971; x_wconf 92' lang='lat' dir='ltr'>ipso</span> <span class='ocrx_word' id='word_1_114' title='bbox 460 919 589 968; x_wconf 86' lang='lat' dir='ltr'>substantiae,</span> <span class='ocrx_word' id='word_1_115' title='bbox 606 920 686 972; x_wconf 87' lang='lat' dir='ltr'>ipsique</span> <span class='ocrx_word' id='word_1_116' title='bbox 695 916 901 960; x_wconf 77' lang='lat' dir='ltr'>consubstantialem?</span> 
     </span>
     <span class='ocr_line' id='line_1_14' title="bbox 47 973 901 1031; baseline -0.001 -13"><span class='ocrx_word' id='word_1_117' title='bbox 47 978 107 1019; x_wconf 87' lang='lat' dir='ltr'>Plura</span> <span class='ocrx_word' id='word_1_118' title='bbox 123 980 170 1016; x_wconf 92' lang='lat' dir='ltr'>sunt</span> <span class='ocrx_word' id='word_1_119' title='bbox 185 988 235 1028; x_wconf 87' lang='lat' dir='ltr'>quae</span> <span class='ocrx_word' id='word_1_120' title='bbox 251 975 373 1017; x_wconf 89' lang='lat' dir='ltr'>eontrarium</span> <span class='ocrx_word' id='word_1_121' title='bbox 388 976 479 1023; x_wconf 90' lang='lat' dir='ltr'>suadere,</span> <span class='ocrx_word' id='word_1_122' title='bbox 490 989 605 1029; x_wconf 83' lang='lat' dir='ltr'>moramque</span> <span class='ocrx_word' id='word_1_123' title='bbox 613 977 679 1017; x_wconf 88' lang='lat' dir='ltr'>Patris</span> <span class='ocrx_word' id='word_1_124' title='bbox 691 976 824 1025; x_wconf 85' lang='lat' dir='ltr'>allectionem,</span> <span class='ocrx_word' id='word_1_125' title='bbox 841 973 901 1031; x_wconf 74' lang='grc' dir='ltr'><strong><em>ἐνέρ-</em></strong></span> 
     </span>
     <span class='ocr_line' id='line_1_15' title="bbox 48 1026 901 1090; baseline -0.002 -16"><span class='ocrx_word' id='word_1_126' title='bbox 48 1047 109 1090; x_wconf 69' lang='grc' dir='ltr'><em>γειαν</em></span> <span class='ocrx_word' id='word_1_127' title='bbox 124 1037 158 1073; x_wconf 91' lang='lat' dir='ltr'>aut</span> <span class='ocrx_word' id='word_1_128' title='bbox 175 1032 320 1086; x_wconf 85' lang='lat' dir='ltr'>proprietatem</span> <span class='ocrx_word' id='word_1_129' title='bbox 340 1026 504 1083; x_wconf 72' lang='grc' dir='ltr'>ἀνυπόστατον,</span> <span class='ocrx_word' id='word_1_130' title='bbox 524 1045 565 1073; x_wconf 93' lang='lat' dir='ltr'>non</span> <span class='ocrx_word' id='word_1_131' title='bbox 585 1033 730 1074; x_wconf 84' lang='lat' dir='ltr'>subsistentem</span> <span class='ocrx_word' id='word_1_132' title='bbox 750 1046 795 1075; x_wconf 89' lang='lat' dir='ltr'>esse</span> <span class='ocrx_word' id='word_1_133' title='bbox 814 1034 901 1085; x_wconf 89' lang='lat' dir='ltr'>probare</span> 
     </span>
     <span class='ocr_line' id='line_1_16' title="bbox 48 1087 900 1142; baseline -0.001 -11"><span class='ocrx_word' id='word_1_134' title='bbox 48 1091 159 1132; x_wconf 86' lang='lat' dir='ltr'>videantur.</span> <span class='ocrx_word' id='word_1_135' title='bbox 190 1087 219 1130; x_wconf 80' lang='lat'>1⁰.</span> <span class='ocrx_word' id='word_1_136' title='bbox 236 1090 294 1138; x_wconf 81' lang='lat' dir='ltr'>Quod</span> <span class='ocrx_word' id='word_1_137' title='bbox 313 1089 360 1130; x_wconf 92' lang='lat' dir='ltr'>huie</span> <span class='ocrx_word' id='word_1_138' title='bbox 379 1090 454 1129; x_wconf 90' lang='lat' dir='ltr'>nullam</span> <span class='ocrx_word' id='word_1_139' title='bbox 472 1089 573 1129; x_wconf 92' lang='lat' dir='ltr'>actionem</span> <span class='ocrx_word' id='word_1_140' title='bbox 592 1097 626 1130; x_wconf 92' lang='lat' dir='ltr'>aut</span> <span class='ocrx_word' id='word_1_141' title='bbox 644 1090 790 1142; x_wconf 87' lang='lat' dir='ltr'>proprietatem</span> <span class='ocrx_word' id='word_1_142' title='bbox 804 1090 900 1137; x_wconf 86' lang='lat' dir='ltr'>tribuant,</span> 
     </span>
     <span class='ocr_line' id='line_1_17' title="bbox 49 1146 900 1201; baseline -0.002 -13"><span class='ocrx_word' id='word_1_143' title='bbox 49 1160 99 1201; x_wconf 88' lang='lat' dir='ltr'>quae</span> <span class='ocrx_word' id='word_1_144' title='bbox 114 1159 222 1200; x_wconf 82' lang='lat' dir='ltr'>personam</span> <span class='ocrx_word' id='word_1_145' title='bbox 237 1160 248 1186; x_wconf 89' lang='lat' dir='ltr'>a</span> <span class='ocrx_word' id='word_1_146' title='bbox 262 1147 322 1187; x_wconf 88' lang='lat' dir='ltr'>Patre</span> <span class='ocrx_word' id='word_1_147' title='bbox 338 1146 454 1186; x_wconf 86' lang='lat' dir='ltr'>distinctam</span> <span class='ocrx_word' id='word_1_148' title='bbox 469 1151 544 1198; x_wconf 86' lang='lat' dir='ltr'>arguat.</span> <span class='ocrx_word' id='word_1_149' title='bbox 559 1147 615 1199; x_wconf 82' lang='lat' dir='ltr'>Logo</span> <span class='ocrx_word' id='word_1_150' title='bbox 626 1146 712 1199; x_wconf 86' lang='lat' dir='ltr'>quidem,</span> <span class='ocrx_word' id='word_1_151' title='bbox 729 1147 823 1199; x_wconf 88' lang='lat' dir='ltr'>Sophiae,</span> <span class='ocrx_word' id='word_1_152' title='bbox 838 1147 900 1194; x_wconf 89' lang='lat' dir='ltr'>Horo,</span> 
     </span>
     <span class='ocr_line' id='line_1_18' title="bbox 49 1202 902 1256; baseline -0.001 -11"><span class='ocrx_word' id='word_1_153' title='bbox 49 1204 129 1246; x_wconf 83' lang='lat' dir='ltr'>Christo</span> <span class='ocrx_word' id='word_1_154' title='bbox 145 1209 165 1243; x_wconf 90' lang='lat' dir='ltr'>et</span> <span class='ocrx_word' id='word_1_155' title='bbox 178 1202 263 1256; x_wconf 89' lang='lat' dir='ltr'>Spiritui</span> <span class='ocrx_word' id='word_1_156' title='bbox 278 1210 358 1252; x_wconf 86' lang='lat' dir='ltr'>sancto,</span> <span class='ocrx_word' id='word_1_157' title='bbox 380 1214 404 1243; x_wconf 88' lang='lat' dir='ltr'>ac</span> <span class='ocrx_word' id='word_1_158' title='bbox 419 1203 527 1251; x_wconf 84' lang='lat' dir='ltr'>Salvatori,</span> <span class='ocrx_word' id='word_1_159' title='bbox 549 1213 597 1243; x_wconf 90' lang='lat' dir='ltr'>suas</span> <span class='ocrx_word' id='word_1_160' title='bbox 617 1203 699 1244; x_wconf 90' lang='lat' dir='ltr'>cuilibet</span> <span class='ocrx_word' id='word_1_161' title='bbox 714 1204 804 1244; x_wconf 80' lang='lat' dir='ltr'>actiones</span> <span class='ocrx_word' id='word_1_162' title='bbox 820 1208 840 1243; x_wconf 93' lang='lat' dir='ltr'>et</span> <span class='ocrx_word' id='word_1_163' title='bbox 854 1205 902 1244; x_wconf 88' lang='lat' dir='ltr'>affe-</span> 
     </span>
     <span class='ocr_line' id='line_1_19' title="bbox 49 1260 901 1313; baseline -0.004 -10"><span class='ocrx_word' id='word_1_164' title='bbox 49 1262 126 1303; x_wconf 91' lang='lat' dir='ltr'>ctiones</span> <span class='ocrx_word' id='word_1_165' title='bbox 142 1260 265 1309; x_wconf 88' lang='lat' dir='ltr'>adscribunt,</span> <span class='ocrx_word' id='word_1_166' title='bbox 281 1273 333 1313; x_wconf 88' lang='lat' dir='ltr'>quae</span> <span class='ocrx_word' id='word_1_167' title='bbox 347 1260 454 1313; x_wconf 89' lang='lat' dir='ltr'>personale</span> <span class='ocrx_word' id='word_1_168' title='bbox 469 1260 571 1313; x_wconf 71' lang='lat' dir='ltr'>spridpiam</span> <span class='ocrx_word' id='word_1_169' title='bbox 586 1260 681 1310; x_wconf 79' lang='lat' dir='ltr'>innuant3</span> <span class='ocrx_word' id='word_1_170' title='bbox 701 1265 722 1301; x_wconf 91' lang='lat' dir='ltr'>at</span> <span class='ocrx_word' id='word_1_171' title='bbox 735 1260 843 1312; x_wconf 83' lang='lat' dir='ltr'>llonogeni</span> <span class='ocrx_word' id='word_1_172' title='bbox 858 1261 901 1301; x_wconf 91' lang='lat' dir='ltr'>nnl-</span> 
     </span>
     <span class='ocr_line' id='line_1_20' title="bbox 48 1317 902 1371; baseline -0.002 -12"><span class='ocrx_word' id='word_1_173' title='bbox 48 1320 94 1366; x_wconf 91' lang='lat' dir='ltr'>lam,</span> <span class='ocrx_word' id='word_1_174' title='bbox 111 1330 161 1371; x_wconf 86' lang='lat' dir='ltr'>quae</span> <span class='ocrx_word' id='word_1_175' title='bbox 176 1329 243 1358; x_wconf 87' lang='lat' dir='ltr'>merae</span> <span class='ocrx_word' id='word_1_176' title='bbox 257 1317 378 1370; x_wconf 84' lang='lat' dir='ltr'>proprietati</span> <span class='ocrx_word' id='word_1_177' title='bbox 393 1329 429 1357; x_wconf 88' lang='lat' dir='ltr'>sen</span> <span class='ocrx_word' id='word_1_178' title='bbox 444 1317 547 1358; x_wconf 85' lang='lat' dir='ltr'>affectioni</span> <span class='ocrx_word' id='word_1_179' title='bbox 562 1330 604 1358; x_wconf 90' lang='lat' dir='ltr'>nou</span> <span class='ocrx_word' id='word_1_180' title='bbox 617 1317 736 1358; x_wconf 87' lang='lat' dir='ltr'>subsistenti</span> <span class='ocrx_word' id='word_1_181' title='bbox 746 1317 853 1358; x_wconf 85' lang='lat' dir='ltr'>convenire</span> <span class='ocrx_word' id='word_1_182' title='bbox 861 1330 902 1357; x_wconf 92' lang='lat' dir='ltr'>non</span> 
     </span>
     <span class='ocr_line' id='line_1_21' title="bbox 48 1371 902 1430; baseline -0.002 -14"><span class='ocrx_word' id='word_1_183' title='bbox 48 1374 121 1430; x_wconf 90' lang='lat' dir='ltr'>possit.</span> <span class='ocrx_word' id='word_1_184' title='bbox 150 1371 180 1415; x_wconf 77' lang='lat'>2⁰.</span> <span class='ocrx_word' id='word_1_185' title='bbox 195 1373 345 1415; x_wconf 82' lang='lat' dir='ltr'>Valentinianos</span> <span class='ocrx_word' id='word_1_186' title='bbox 361 1387 372 1414; x_wconf 91' lang='lat' dir='ltr'>a</span> <span class='ocrx_word' id='word_1_187' title='bbox 386 1374 488 1427; x_wconf 88' lang='lat' dir='ltr'>prioribus</span> <span class='ocrx_word' id='word_1_188' title='bbox 504 1374 605 1415; x_wconf 84' lang='lat' dir='ltr'>Gnosticis</span> <span class='ocrx_word' id='word_1_189' title='bbox 620 1375 724 1427; x_wconf 87' lang='lat' dir='ltr'>accepisse</span> <span class='ocrx_word' id='word_1_190' title='bbox 739 1375 824 1428; x_wconf 88' lang='lat' dir='ltr'>primam</span> <span class='ocrx_word' id='word_1_191' title='bbox 840 1376 902 1427; x_wconf 85' lang='lat' dir='ltr'>ogdo-</span> 
     </span>
     <span class='ocr_line' id='line_1_22' title="bbox 50 1430 902 1485; baseline -0.001 -12"><span class='ocrx_word' id='word_1_192' title='bbox 50 1433 87 1473; x_wconf 91' lang='lat' dir='ltr'>ada</span> <span class='ocrx_word' id='word_1_193' title='bbox 103 1430 195 1485; x_wconf 84' lang='lat' dir='ltr'>superius</span> <span class='ocrx_word' id='word_1_194' title='bbox 211 1431 344 1472; x_wconf 89' lang='lat' dir='ltr'>ostendimus.</span> <span class='ocrx_word' id='word_1_195' title='bbox 373 1431 399 1471; x_wconf 81' lang='lat' dir='ltr'>At</span> <span class='ocrx_word' id='word_1_196' title='bbox 413 1431 484 1472; x_wconf 87' lang='lat' dir='ltr'>Simon</span> <span class='ocrx_word' id='word_1_197' title='bbox 498 1431 567 1483; x_wconf 79' lang='lat' dir='ltr'>llagns</span> <span class='ocrx_word' id='word_1_198' title='bbox 583 1437 603 1472; x_wconf 91' lang='lat' dir='ltr'>et</span> <span class='ocrx_word' id='word_1_199' title='bbox 618 1432 736 1480; x_wconf 89' lang='lat' dir='ltr'>blenander,</span> <span class='ocrx_word' id='word_1_200' title='bbox 760 1431 902 1472; x_wconf 87' lang='lat' dir='ltr'>Gnosticorum</span> 
     </span>
     <span class='ocr_line' id='line_1_23' title="bbox 48 1487 902 1543; baseline 0 -14"><span class='ocrx_word' id='word_1_201' title='bbox 48 1489 152 1543; x_wconf 89' lang='lat' dir='ltr'>principes</span> <span class='ocrx_word' id='word_1_202' title='bbox 167 1494 187 1529; x_wconf 93' lang='lat' dir='ltr'>et</span> <span class='ocrx_word' id='word_1_203' title='bbox 201 1487 318 1541; x_wconf 73' lang='lat' dir='ltr'>coryphaei,</span> <span class='ocrx_word' id='word_1_204' title='bbox 338 1500 448 1541; x_wconf 88' lang='lat' dir='ltr'>eorumque</span> <span class='ocrx_word' id='word_1_205' title='bbox 463 1487 557 1540; x_wconf 84' lang='lat' dir='ltr'>discipuli</span> <span class='ocrx_word' id='word_1_206' title='bbox 573 1487 693 1529; x_wconf 89' lang='lat' dir='ltr'>Saturninus</span> <span class='ocrx_word' id='word_1_207' title='bbox 709 1496 729 1528; x_wconf 89' lang='lat' dir='ltr'>et</span> <span class='ocrx_word' id='word_1_208' title='bbox 743 1488 853 1536; x_wconf 81' lang='lat' dir='ltr'>Basilides,</span> <span class='ocrx_word' id='word_1_209' title='bbox 869 1489 902 1529; x_wconf 91' lang='lat' dir='ltr'>ln-</span> 
     </span>
     <span class='ocr_line' id='line_1_24' title="bbox 50 1545 903 1598; baseline 0 -12"><span class='ocrx_word' id='word_1_210' title='bbox 50 1546 95 1587; x_wconf 88' lang='lat' dir='ltr'>daei</span> <span class='ocrx_word' id='word_1_211' title='bbox 111 1557 171 1598; x_wconf 85' lang='lat' dir='ltr'>quum</span> <span class='ocrx_word' id='word_1_212' title='bbox 186 1545 270 1593; x_wconf 87' lang='lat' dir='ltr'>fuerint,</span> <span class='ocrx_word' id='word_1_213' title='bbox 289 1545 320 1585; x_wconf 90' lang='lat' dir='ltr'>vel</span> <span class='ocrx_word' id='word_1_214' title='bbox 334 1545 455 1585; x_wconf 89' lang='lat' dir='ltr'>ludaeorum</span> <span class='ocrx_word' id='word_1_215' title='bbox 471 1545 586 1597; x_wconf 87' lang='lat' dir='ltr'>anticipatis</span> <span class='ocrx_word' id='word_1_216' title='bbox 603 1545 698 1585; x_wconf 88' lang='lat' dir='ltr'>adversus</span> <span class='ocrx_word' id='word_1_217' title='bbox 713 1557 793 1585; x_wconf 86' lang='lat' dir='ltr'>sacrum</span> <span class='ocrx_word' id='word_1_218' title='bbox 806 1545 903 1586; x_wconf 88' lang='lat' dir='ltr'>trinitatis</span> 
     </span>
     <span class='ocr_line' id='line_1_25' title="bbox 49 1601 902 1656; baseline -0.001 -12"><span class='ocrx_word' id='word_1_219' title='bbox 49 1603 166 1656; x_wconf 71' lang='lat' dir='ltr'>mysterium</span> <span class='ocrx_word' id='word_1_220' title='bbox 181 1601 311 1655; x_wconf 89' lang='lat' dir='ltr'>opinionibus</span> <span class='ocrx_word' id='word_1_221' title='bbox 330 1601 414 1651; x_wconf 89' lang='lat' dir='ltr'>imbuti,</span> <span class='ocrx_word' id='word_1_222' title='bbox 435 1614 535 1655; x_wconf 87' lang='lat' dir='ltr'>nusquam</span> <span class='ocrx_word' id='word_1_223' title='bbox 556 1615 602 1642; x_wconf 90' lang='lat' dir='ltr'>vere</span> <span class='ocrx_word' id='word_1_224' title='bbox 618 1602 739 1651; x_wconf 83' lang='lat' dir='ltr'>Christiani,</span> <span class='ocrx_word' id='word_1_225' title='bbox 763 1601 778 1641; x_wconf 93' lang='lat' dir='ltr'>ii</span> <span class='ocrx_word' id='word_1_226' title='bbox 800 1615 902 1656; x_wconf 85' lang='lat' dir='ltr'>nunquam</span> 
     </span>
     <span class='ocr_line' id='line_1_26' title="bbox 50 1658 903 1712; baseline -0.001 -11"><span class='ocrx_word' id='word_1_227' title='bbox 50 1663 137 1707; x_wconf 87' lang='lat' dir='ltr'>fuerunt,</span> <span class='ocrx_word' id='word_1_228' title='bbox 153 1659 187 1711; x_wconf 85' lang='lat' dir='ltr'>qni</span> <span class='ocrx_word' id='word_1_229' title='bbox 202 1659 270 1711; x_wconf 89' lang='lat' dir='ltr'>plures</span> <span class='ocrx_word' id='word_1_230' title='bbox 285 1658 307 1699; x_wconf 94' lang='lat' dir='ltr'>in</span> <span class='ocrx_word' id='word_1_231' title='bbox 320 1671 360 1699; x_wconf 93' lang='lat' dir='ltr'>una</span> <span class='ocrx_word' id='word_1_232' title='bbox 374 1659 452 1699; x_wconf 86' lang='lat' dir='ltr'>Deitate</span> <span class='ocrx_word' id='word_1_233' title='bbox 467 1672 565 1712; x_wconf 89' lang='lat' dir='ltr'>personas</span> <span class='ocrx_word' id='word_1_234' title='bbox 581 1660 734 1708; x_wconf 83' lang='lat' dir='ltr'>confiterentur,</span> <span class='ocrx_word' id='word_1_235' title='bbox 754 1659 793 1699; x_wconf 87' lang='lat' dir='ltr'>rati</span> <span class='ocrx_word' id='word_1_236' title='bbox 807 1659 903 1700; x_wconf 87' lang='lat' dir='ltr'>videlieet</span> 
     </span>
     <span class='ocr_line' id='line_1_27' title="bbox 51 1715 902 1769; baseline -0.002 -11"><span class='ocrx_word' id='word_1_237' title='bbox 51 1730 96 1758; x_wconf 88' lang='lat' dir='ltr'>enm</span> <span class='ocrx_word' id='word_1_238' title='bbox 110 1716 230 1757; x_wconf 89' lang='lat' dir='ltr'>ludaeorum</span> <span class='ocrx_word' id='word_1_239' title='bbox 244 1715 314 1767; x_wconf 84' lang='lat' dir='ltr'>vulgo,</span> <span class='ocrx_word' id='word_1_240' title='bbox 329 1728 462 1768; x_wconf 92' lang='lat' dir='ltr'>personarum</span> <span class='ocrx_word' id='word_1_241' title='bbox 478 1716 589 1757; x_wconf 88' lang='lat' dir='ltr'>divinarum</span> <span class='ocrx_word' id='word_1_242' title='bbox 604 1729 687 1756; x_wconf 88' lang='lat' dir='ltr'>nurnero</span> <span class='ocrx_word' id='word_1_243' title='bbox 702 1717 858 1769; x_wconf 84' lang='lat' dir='ltr'>polytheismnm</span> <span class='ocrx_word' id='word_1_244' title='bbox 871 1717 902 1756; x_wconf 91' lang='lat' dir='ltr'>in-</span> 
     </span>
     <span class='ocr_line' id='line_1_28' title="bbox 51 1772 902 1827; baseline 0 -12"><span class='ocrx_word' id='word_1_245' title='bbox 51 1773 104 1815; x_wconf 88' lang='lat' dir='ltr'>duci.</span> <span class='ocrx_word' id='word_1_246' title='bbox 134 1772 186 1821; x_wconf 84' lang='lat' dir='ltr'>Quid</span> <span class='ocrx_word' id='word_1_247' title='bbox 202 1773 226 1813; x_wconf 90' lang='lat' dir='ltr'>de</span> <span class='ocrx_word' id='word_1_248' title='bbox 241 1772 331 1813; x_wconf 91' lang='lat' dir='ltr'>trinitate</span> <span class='ocrx_word' id='word_1_249' title='bbox 351 1772 435 1814; x_wconf 90' lang='lat' dir='ltr'>sentiret</span> <span class='ocrx_word' id='word_1_250' title='bbox 453 1773 533 1821; x_wconf 86' lang='lat' dir='ltr'>Simon,</span> <span class='ocrx_word' id='word_1_251' title='bbox 556 1772 606 1814; x_wconf 87' lang='lat' dir='ltr'>satis</span> <span class='ocrx_word' id='word_1_252' title='bbox 621 1774 745 1825; x_wconf 77' lang='lat' dir='ltr'>exploratum</span> <span class='ocrx_word' id='word_1_253' title='bbox 765 1786 789 1813; x_wconf 82' lang='lat' dir='ltr'>ex</span> <span class='ocrx_word' id='word_1_254' title='bbox 806 1773 832 1813; x_wconf 93' lang='lat' dir='ltr'>iis</span> <span class='ocrx_word' id='word_1_255' title='bbox 852 1787 902 1827; x_wconf 82' lang='lat' dir='ltr'>qtrae</span> 
     </span>
     <span class='ocr_line' id='line_1_29' title="bbox 51 1829 902 1883; baseline -0.001 -11"><span class='ocrx_word' id='word_1_256' title='bbox 51 1832 75 1872; x_wconf 92' lang='lat' dir='ltr'>de</span> <span class='ocrx_word' id='word_1_257' title='bbox 91 1835 114 1871; x_wconf 89' lang='lat' dir='ltr'>eo</span> <span class='ocrx_word' id='word_1_258' title='bbox 129 1830 192 1870; x_wconf 87' lang='lat' dir='ltr'>refert</span> <span class='ocrx_word' id='word_1_259' title='bbox 206 1830 301 1870; x_wconf 88' lang='lat' dir='ltr'>Irenaeus</span> <span class='ocrx_word' id='word_1_260' title='bbox 319 1829 355 1871; x_wconf 91' lang='lat' dir='ltr'>lib.</span> <span class='ocrx_word' id='word_1_261' title='bbox 371 1843 385 1870; x_wconf 91' lang='lat' dir='ltr'>r.</span> <span class='ocrx_word' id='word_1_262' title='bbox 406 1843 449 1883; x_wconf 86' lang='lat' dir='ltr'>cap.</span> <span class='ocrx_word' id='word_1_263' title='bbox 465 1830 499 1871; x_wconf 91' lang='lat'>22.</span> <span class='ocrx_word' id='word_1_264' title='bbox 528 1830 600 1871; x_wconf 80' lang='lat' dir='ltr'>Aiebat</span> <span class='ocrx_word' id='word_1_265' title='bbox 618 1843 691 1883; x_wconf 90' lang='lat' dir='ltr'>nempe</span> <span class='ocrx_word' id='word_1_266' title='bbox 710 1830 843 1883; x_wconf 89' lang='lat' dir='ltr'>impiissimus</span> <span class='ocrx_word' id='word_1_267' title='bbox 862 1831 902 1880; x_wconf 81' lang='lat' dir='ltr'>ille,</span> 
     </span>
     <span class='ocr_line' id='line_1_30' title="bbox 51 1887 903 1940; baseline 0 -11"><span class='ocrx_word' id='word_1_268' title='bbox 51 1902 93 1929; x_wconf 87' lang='lat' dir='ltr'>esse</span> <span class='ocrx_word' id='word_1_269' title='bbox 108 1901 129 1928; x_wconf 84' lang='lat' dir='ltr'>se</span> <span class='ocrx_word' id='word_1_270' title='bbox 143 1887 306 1928; x_wconf 81' lang='lat' dir='ltr'>srcblfnu&#39;ssfncum</span> <span class='ocrx_word' id='word_1_271' title='bbox 322 1887 424 1935; x_wconf 79' lang='lat' dir='ltr'>Virtutem,</span> <span class='ocrx_word' id='word_1_272' title='bbox 441 1900 490 1940; x_wconf 77' lang='lat' dir='ltr'>ptrue</span> <span class='ocrx_word' id='word_1_273' title='bbox 504 1890 526 1928; x_wconf 79' lang='lat' dir='ltr'>to</span> <span class='ocrx_word' id='word_1_274' title='bbox 541 1887 634 1928; x_wconf 74' lang='lat' dir='ltr'>Soricaria</span> <span class='ocrx_word' id='word_1_275' title='bbox 649 1890 707 1940; x_wconf 74' lang='lat' dir='ltr'>portasi</span> <span class='ocrx_word' id='word_1_276' title='bbox 721 1887 782 1928; x_wconf 85' lang='lat' dir='ltr'>Peter</span> <span class='ocrx_word' id='word_1_277' title='bbox 799 1888 903 1929; x_wconf 70' lang='lat' dir='ltr'>olescendo-</span> 
     </span>
     <span class='ocr_line' id='line_1_31' title="bbox 51 1944 903 1997; baseline 0.001 -12"><span class='ocrx_word' id='word_1_278' title='bbox 51 1949 89 1992; x_wconf 82' lang='lat' dir='ltr'>rr&#39;t,</span> <span class='ocrx_word' id='word_1_279' title='bbox 109 1949 164 1985; x_wconf 74' lang='lat' dir='ltr'>caeter</span> <span class='ocrx_word' id='word_1_280' title='bbox 181 1944 267 1984; x_wconf 75' lang='lat' dir='ltr'>leacus</span> <span class='ocrx_word' id='word_1_281' title='bbox 288 1947 348 1997; x_wconf 74' lang='lat' dir='ltr'>peresi</span> <span class='ocrx_word' id='word_1_282' title='bbox 365 1944 430 1985; x_wconf 77' lang='lat' dir='ltr'>Filius</span> <span class='ocrx_word' id='word_1_283' title='bbox 451 1947 581 1997; x_wconf 78' lang='lat' dir='ltr'>apparuerit,</span> <span class='ocrx_word' id='word_1_284' title='bbox 602 1947 623 1984; x_wconf 80' lang='lat' dir='ltr'>ab</span> <span class='ocrx_word' id='word_1_285' title='bbox 642 1945 725 1997; x_wconf 74' lang='lat' dir='ltr'>rela&#39;pru&#39;s</span> <span class='ocrx_word' id='word_1_286' title='bbox 745 1957 793 1985; x_wconf 53' lang='lat' dir='ltr'>cerro</span> <span class='ocrx_word' id='word_1_287' title='bbox 811 1946 903 1996; x_wconf 62' lang='lat' dir='ltr'>peroratus</span> 
     </span>
     <span class='ocr_line' id='line_1_32' title="bbox 51 2001 903 2055; baseline 0.001 -13"><span class='ocrx_word' id='word_1_288' title='bbox 51 2004 111 2055; x_wconf 75' lang='lat' dir='ltr'>quirat</span> <span class='ocrx_word' id='word_1_289' title='bbox 124 2001 212 2054; x_wconf 76' lang='lat' dir='ltr'>Spiritus</span> <span class='ocrx_word' id='word_1_290' title='bbox 228 2008 310 2041; x_wconf 79' lang='lat' dir='ltr'>suractus</span> <span class='ocrx_word' id='word_1_291' title='bbox 325 2001 471 2041; x_wconf 79' lang='lat' dir='ltr'>adventaverit.</span> <span class='ocrx_word' id='word_1_292' title='bbox 502 2001 557 2049; x_wconf 81' lang='lat' dir='ltr'>Quae</span> <span class='ocrx_word' id='word_1_293' title='bbox 576 2001 723 2050; x_wconf 85' lang='lat' dir='ltr'>demonstrant,</span> <span class='ocrx_word' id='word_1_294' title='bbox 744 2001 847 2042; x_wconf 89' lang='lat' dir='ltr'>Simonem</span> <span class='ocrx_word' id='word_1_295' title='bbox 862 2015 903 2043; x_wconf 93' lang='lat' dir='ltr'>non</span> 
     </span>
     <span class='ocr_line' id='line_1_33' title="bbox 51 2057 903 2111; baseline 0.001 -13"><span class='ocrx_word' id='word_1_296' title='bbox 51 2059 105 2099; x_wconf 92' lang='lat' dir='ltr'>aliud</span> <span class='ocrx_word' id='word_1_297' title='bbox 121 2059 145 2099; x_wconf 86' lang='lat' dir='ltr'>de</span> <span class='ocrx_word' id='word_1_298' title='bbox 160 2057 249 2098; x_wconf 87' lang='lat' dir='ltr'>trinitate</span> <span class='ocrx_word' id='word_1_299' title='bbox 265 2057 366 2106; x_wconf 90' lang='lat' dir='ltr'>sensisse,</span> <span class='ocrx_word' id='word_1_300' title='bbox 389 2070 448 2110; x_wconf 88' lang='lat' dir='ltr'>quam</span> <span class='ocrx_word' id='word_1_301' title='bbox 464 2058 516 2111; x_wconf 80' lang='lat' dir='ltr'>quod</span> <span class='ocrx_word' id='word_1_302' title='bbox 531 2065 603 2111; x_wconf 91' lang='lat' dir='ltr'>postea</span> <span class='ocrx_word' id='word_1_303' title='bbox 619 2064 727 2098; x_wconf 89' lang='lat' dir='ltr'>senserunt</span> <span class='ocrx_word' id='word_1_304' title='bbox 740 2058 816 2099; x_wconf 79' lang='lat' dir='ltr'>Noetus</span> <span class='ocrx_word' id='word_1_305' title='bbox 832 2064 852 2099; x_wconf 93' lang='lat' dir='ltr'>et</span> <span class='ocrx_word' id='word_1_306' title='bbox 867 2060 903 2099; x_wconf 90' lang='lat' dir='ltr'>Sa-</span> 
     </span>
     <span class='ocr_line' id='line_1_34' title="bbox 51 2114 902 2168; baseline 0.001 -12"><span class='ocrx_word' id='word_1_307' title='bbox 51 2116 135 2164; x_wconf 91' lang='lat' dir='ltr'>bellius,</span> <span class='ocrx_word' id='word_1_308' title='bbox 149 2115 230 2155; x_wconf 89' lang='lat' dir='ltr'>unicam</span> <span class='ocrx_word' id='word_1_309' title='bbox 244 2114 337 2155; x_wconf 90' lang='lat' dir='ltr'>videlieet</span> <span class='ocrx_word' id='word_1_310' title='bbox 351 2115 373 2155; x_wconf 92' lang='lat' dir='ltr'>in</span> <span class='ocrx_word' id='word_1_311' title='bbox 387 2115 428 2155; x_wconf 89' lang='lat' dir='ltr'>Deo</span> <span class='ocrx_word' id='word_1_312' title='bbox 444 2127 490 2155; x_wconf 89' lang='lat' dir='ltr'>esse</span> <span class='ocrx_word' id='word_1_313' title='bbox 504 2127 621 2167; x_wconf 87' lang='lat' dir='ltr'>personam,</span> <span class='ocrx_word' id='word_1_314' title='bbox 639 2127 690 2167; x_wconf 84' lang='lat' dir='ltr'>quae</span> <span class='ocrx_word' id='word_1_315' title='bbox 704 2128 741 2168; x_wconf 92' lang='lat' dir='ltr'>pro</span> <span class='ocrx_word' id='word_1_316' title='bbox 758 2114 842 2156; x_wconf 86' lang='lat' dir='ltr'>diversis</span> <span class='ocrx_word' id='word_1_317' title='bbox 858 2117 902 2157; x_wconf 87' lang='lat' dir='ltr'>offi-</span> 
     </span>
     <span class='ocr_line' id='line_1_35' title="bbox 53 2171 902 2224; baseline 0.002 -13"><span class='ocrx_word' id='word_1_318' title='bbox 53 2172 89 2213; x_wconf 86' lang='lat' dir='ltr'>ciis</span> <span class='ocrx_word' id='word_1_319' title='bbox 104 2173 182 2213; x_wconf 77' lang='lat' dir='ltr'>diversa</span> <span class='ocrx_word' id='word_1_320' title='bbox 198 2172 303 2212; x_wconf 87' lang='lat' dir='ltr'>sortiretur</span> <span class='ocrx_word' id='word_1_321' title='bbox 317 2172 405 2212; x_wconf 90' lang='lat' dir='ltr'>nomina.</span> <span class='ocrx_word' id='word_1_322' title='bbox 439 2172 465 2212; x_wconf 83' lang='lat' dir='ltr'>tn</span> <span class='ocrx_word' id='word_1_323' title='bbox 486 2184 533 2223; x_wconf 87' lang='lat' dir='ltr'>ergo</span> <span class='ocrx_word' id='word_1_324' title='bbox 549 2171 651 2212; x_wconf 89' lang='lat' dir='ltr'>eensnerit</span> <span class='ocrx_word' id='word_1_325' title='bbox 664 2173 710 2212; x_wconf 90' lang='lat' dir='ltr'>Nun</span> <span class='ocrx_word' id='word_1_326' title='bbox 725 2185 761 2213; x_wconf 91' lang='lat' dir='ltr'>seu</span> <span class='ocrx_word' id='word_1_327' title='bbox 775 2172 902 2224; x_wconf 82' lang='lat' dir='ltr'>Unigenitum</span> 
     </span>
     <span class='ocr_line' id='line_1_36' title="bbox 51 2228 902 2282; baseline 0.002 -13"><span class='ocrx_word' id='word_1_328' title='bbox 51 2229 106 2270; x_wconf 91' lang='lat' dir='ltr'>Patri</span> <span class='ocrx_word' id='word_1_329' title='bbox 121 2228 208 2270; x_wconf 90' lang='lat' dir='ltr'>similem</span> <span class='ocrx_word' id='word_1_330' title='bbox 224 2242 268 2270; x_wconf 88' lang='lat' dir='ltr'>esse</span> <span class='ocrx_word' id='word_1_331' title='bbox 284 2235 304 2269; x_wconf 92' lang='lat' dir='ltr'>et</span> <span class='ocrx_word' id='word_1_332' title='bbox 319 2229 423 2282; x_wconf 78' lang='lat' dir='ltr'>aetpralem</span> <span class='ocrx_word' id='word_1_333' title='bbox 437 2234 519 2278; x_wconf 87' lang='lat' dir='ltr'>natnra;</span> <span class='ocrx_word' id='word_1_334' title='bbox 542 2234 597 2270; x_wconf 89' lang='lat' dir='ltr'>certe</span> <span class='ocrx_word' id='word_1_335' title='bbox 611 2241 649 2269; x_wconf 91' lang='lat' dir='ltr'>nec</span> <span class='ocrx_word' id='word_1_336' title='bbox 664 2229 751 2277; x_wconf 89' lang='lat' dir='ltr'>censuit,</span> <span class='ocrx_word' id='word_1_337' title='bbox 767 2241 805 2270; x_wconf 91' lang='lat' dir='ltr'>nec</span> <span class='ocrx_word' id='word_1_338' title='bbox 820 2241 902 2271; x_wconf 90' lang='lat' dir='ltr'>censere</span> 
     </span>
     <span class='ocr_line' id='line_1_37' title="bbox 51 2286 902 2339; baseline 0 -12"><span class='ocrx_word' id='word_1_339' title='bbox 51 2287 118 2339; x_wconf 89' lang='lat' dir='ltr'>potuit</span> <span class='ocrx_word' id='word_1_340' title='bbox 131 2299 218 2339; x_wconf 91' lang='lat' dir='ltr'>persona</span> <span class='ocrx_word' id='word_1_341' title='bbox 234 2286 350 2326; x_wconf 90' lang='lat' dir='ltr'>distinctum</span> <span class='ocrx_word' id='word_1_342' title='bbox 365 2299 417 2326; x_wconf 90' lang='lat' dir='ltr'>esse.</span> <span class='ocrx_word' id='word_1_343' title='bbox 446 2286 490 2326; x_wconf 87' lang='lat' dir='ltr'>Etsi</span> <span class='ocrx_word' id='word_1_344' title='bbox 508 2292 580 2339; x_wconf 90' lang='lat' dir='ltr'>postea</span> <span class='ocrx_word' id='word_1_345' title='bbox 599 2286 672 2326; x_wconf 85' lang='lat' dir='ltr'>dixerit</span> <span class='ocrx_word' id='word_1_346' title='bbox 688 2286 798 2335; x_wconf 89' lang='lat' dir='ltr'>Basilides,</span> <span class='ocrx_word' id='word_1_347' title='bbox 814 2286 902 2327; x_wconf 89' lang='lat' dir='ltr'>Simonis</span> 
     </span>
     <span class='ocr_line' id='line_1_38' title="bbox 52 2343 939 2396; baseline 0.001 -13"><span class='ocrx_word' id='word_1_348' title='bbox 52 2344 170 2396; x_wconf 84' lang='lat' dir='ltr'>discipulus,</span> <span class='ocrx_word' id='word_1_349' title='bbox 186 2344 239 2395; x_wconf 88' lang='lat' dir='ltr'>apud</span> <span class='ocrx_word' id='word_1_350' title='bbox 253 2344 358 2384; x_wconf 88' lang='lat' dir='ltr'>Irenaeum</span> <span class='ocrx_word' id='word_1_351' title='bbox 372 2343 407 2383; x_wconf 90' lang='lat' dir='ltr'>lib.</span> <span class='ocrx_word' id='word_1_352' title='bbox 423 2356 437 2383; x_wconf 90' lang='lat' dir='ltr'>r.</span> <span class='ocrx_word' id='word_1_353' title='bbox 453 2356 497 2396; x_wconf 89' lang='lat' dir='ltr'>cap.</span> <span class='ocrx_word' id='word_1_354' title='bbox 513 2343 547 2384; x_wconf 79' lang='lat'>24.</span> <span class='ocrx_word' id='word_1_355' title='bbox 562 2344 611 2384; x_wconf 81' lang='lat' dir='ltr'>n.4.</span> <span class='ocrx_word' id='word_1_356' title='bbox 627 2346 719 2383; x_wconf 78' lang='lat' dir='ltr'>tatarorum</span> <span class='ocrx_word' id='word_1_357' title='bbox 731 2351 750 2384; x_wconf 85' lang='lat' dir='ltr'>et</span> <span class='ocrx_word' id='word_1_358' title='bbox 757 2346 903 2384; x_wconf 80' lang='lat' dir='ltr'>fuuotru&#39;nctunt</span> <span class='ocrx_word' id='word_1_359' title='bbox 937 2343 939 2346; x_wconf 71' lang='grc'>’</span> 
     </span>
     <span class='ocr_line' id='line_1_39' title="bbox 48 2399 903 2452; baseline 0 -11"><span class='ocrx_word' id='word_1_360' title='bbox 48 2400 133 2441; x_wconf 66' lang='lat' dir='ltr'>,Putrem</span> <span class='ocrx_word' id='word_1_361' title='bbox 146 2404 226 2440; x_wconf 75' lang='lat' dir='ltr'>misisse</span> <span class='ocrx_word' id='word_1_362' title='bbox 237 2403 393 2452; x_wconf 72' lang='lat' dir='ltr'>pomtopeotaoo</span> <span class='ocrx_word' id='word_1_363' title='bbox 407 2400 456 2441; x_wconf 86' lang='lat' dir='ltr'>Nau</span> <span class='ocrx_word' id='word_1_364' title='bbox 471 2413 539 2447; x_wconf 77' lang='lat' dir='ltr'>sacratu,</span> <span class='ocrx_word' id='word_1_365' title='bbox 563 2412 621 2452; x_wconf 83' lang='lat' dir='ltr'>qrrem</span> <span class='ocrx_word' id='word_1_366' title='bbox 638 2399 734 2440; x_wconf 72' lang='lat' dir='ltr'>vanum</span> <span class='ocrx_word' id='word_1_367' title='bbox 754 2401 903 2451; x_wconf 79' lang='lat' dir='ltr'>riccorporufcm</span> 
     </span>
     <span class='ocr_line' id='line_1_40' title="bbox 52 2456 902 2508; baseline 0 -10"><span class='ocrx_word' id='word_1_368' title='bbox 52 2465 71 2498; x_wconf 86' lang='lat' dir='ltr'>et</span> <span class='ocrx_word' id='word_1_369' title='bbox 84 2457 133 2498; x_wconf 85' lang='lat' dir='ltr'>Neu</span> <span class='ocrx_word' id='word_1_370' title='bbox 147 2459 214 2497; x_wconf 66' lang='lat' dir='ltr'>totoue·</span> <span class='ocrx_word' id='word_1_371' title='bbox 226 2457 294 2497; x_wconf 77' lang='lat' dir='ltr'>Petris</span> <span class='ocrx_word' id='word_1_372' title='bbox 309 2463 373 2505; x_wconf 87' lang='lat' dir='ltr'>vocat,</span> <span class='ocrx_word' id='word_1_373' title='bbox 390 2457 414 2497; x_wconf 91' lang='lat' dir='ltr'>ad</span> <span class='ocrx_word' id='word_1_374' title='bbox 429 2457 513 2497; x_wconf 86' lang='lat' dir='ltr'>salutem</span> <span class='ocrx_word' id='word_1_375' title='bbox 529 2456 629 2508; x_wconf 75' lang='lat' dir='ltr'>gentium3</span> <span class='ocrx_word' id='word_1_376' title='bbox 645 2457 679 2507; x_wconf 84' lang='lat' dir='ltr'>qui</span> <span class='ocrx_word' id='word_1_377' title='bbox 694 2456 809 2508; x_wconf 88' lang='lat' dir='ltr'>apparuerit</span> <span class='ocrx_word' id='word_1_378' title='bbox 819 2456 902 2498; x_wconf 90' lang='lat' dir='ltr'>interra</span> 
     </span>
     <span class='ocr_line' id='line_1_41' title="bbox 52 2513 902 2566; baseline 0.002 -13"><span class='ocrx_word' id='word_1_379' title='bbox 52 2514 112 2554; x_wconf 91' lang='lat' dir='ltr'>homo</span> <span class='ocrx_word' id='word_1_380' title='bbox 128 2521 148 2553; x_wconf 92' lang='lat' dir='ltr'>et</span> <span class='ocrx_word' id='word_1_381' title='bbox 161 2514 245 2554; x_wconf 89' lang='lat' dir='ltr'>virtutes</span> <span class='ocrx_word' id='word_1_382' title='bbox 259 2514 373 2566; x_wconf 84' lang='lat' dir='ltr'>perfecerit,</span> <span class='ocrx_word' id='word_1_383' title='bbox 390 2514 464 2566; x_wconf 89' lang='lat' dir='ltr'>quique</span> <span class='ocrx_word' id='word_1_384' title='bbox 480 2527 491 2554; x_wconf 91' lang='lat' dir='ltr'>e</span> <span class='ocrx_word' id='word_1_385' title='bbox 506 2513 622 2564; x_wconf 79' lang='lat' dir='ltr'>crucifigere</span> <span class='ocrx_word' id='word_1_386' title='bbox 637 2513 745 2553; x_wconf 89' lang='lat' dir='ltr'>volentium</span> <span class='ocrx_word' id='word_1_387' title='bbox 760 2513 853 2554; x_wconf 91' lang='lat' dir='ltr'>manibus</span> <span class='ocrx_word' id='word_1_388' title='bbox 862 2515 902 2555; x_wconf 91' lang='lat' dir='ltr'>ela-</span> 
     </span>
     <span class='ocr_line' id='line_1_42' title="bbox 51 2570 902 2624; baseline 0.001 -13"><span class='ocrx_word' id='word_1_389' title='bbox 51 2583 107 2623; x_wconf 88' lang='lat' dir='ltr'>psus,</span> <span class='ocrx_word' id='word_1_390' title='bbox 123 2571 250 2611; x_wconf 87' lang='lat' dir='ltr'>adscenderit</span> <span class='ocrx_word' id='word_1_391' title='bbox 265 2570 290 2610; x_wconf 90' lang='lat' dir='ltr'>ad</span> <span class='ocrx_word' id='word_1_392' title='bbox 305 2583 351 2611; x_wconf 89' lang='lat' dir='ltr'>eurn</span> <span class='ocrx_word' id='word_1_393' title='bbox 366 2571 400 2624; x_wconf 80' lang='lat' dir='ltr'>qui</span> <span class='ocrx_word' id='word_1_394' title='bbox 414 2571 497 2611; x_wconf 82' lang='lat' dir='ltr'>miserat</span> <span class='ocrx_word' id='word_1_395' title='bbox 512 2583 566 2619; x_wconf 93' lang='lat' dir='ltr'>eum,</span> <span class='ocrx_word' id='word_1_396' title='bbox 583 2570 677 2610; x_wconf 92' lang='lat' dir='ltr'>deridens</span> <span class='ocrx_word' id='word_1_397' title='bbox 693 2582 739 2618; x_wconf 92' lang='lat' dir='ltr'>eos,</span> <span class='ocrx_word' id='word_1_398' title='bbox 762 2583 824 2622; x_wconf 78' lang='lat' dir='ltr'>quarm</span> <span class='ocrx_word' id='word_1_399' title='bbox 837 2573 902 2612; x_wconf 90' lang='lat' dir='ltr'>teneri</span> 
     </span>
     <span class='ocr_line' id='line_1_43' title="bbox 52 2627 903 2682; baseline 0.002 -15"><span class='ocrx_word' id='word_1_400' title='bbox 52 2640 93 2668; x_wconf 93' lang='lat' dir='ltr'>non</span> <span class='ocrx_word' id='word_1_401' title='bbox 107 2634 187 2682; x_wconf 91' lang='lat' dir='ltr'>posset:</span> <span class='ocrx_word' id='word_1_402' title='bbox 212 2628 284 2667; x_wconf 90' lang='lat' dir='ltr'>eodem</span> <span class='ocrx_word' id='word_1_403' title='bbox 302 2640 386 2681; x_wconf 91' lang='lat' dir='ltr'>prorsus</span> <span class='ocrx_word' id='word_1_404' title='bbox 406 2640 466 2668; x_wconf 90' lang='lat' dir='ltr'>sensu</span> <span class='ocrx_word' id='word_1_405' title='bbox 482 2627 544 2675; x_wconf 78' lang='lat' dir='ltr'>dixit,</span> <span class='ocrx_word' id='word_1_406' title='bbox 560 2639 598 2679; x_wconf 87' lang='lat' dir='ltr'>quo</span> <span class='ocrx_word' id='word_1_407' title='bbox 614 2633 686 2679; x_wconf 88' lang='lat' dir='ltr'>postea</span> <span class='ocrx_word' id='word_1_408' title='bbox 700 2627 800 2667; x_wconf 89' lang='lat' dir='ltr'>Sabellius</span> <span class='ocrx_word' id='word_1_409' title='bbox 816 2629 903 2670; x_wconf 90' lang='lat' dir='ltr'>assernit</span> 
     </span>
     <span class='ocr_line' id='line_1_44' title="bbox 53 2683 901 2738; baseline 0.002 -14"><span class='ocrx_word' id='word_1_410' title='bbox 53 2685 148 2726; x_wconf 89' lang='lat' dir='ltr'>emissum</span> <span class='ocrx_word' id='word_1_411' title='bbox 163 2697 208 2726; x_wconf 89' lang='lat' dir='ltr'>esse</span> <span class='ocrx_word' id='word_1_412' title='bbox 223 2684 296 2725; x_wconf 80' lang='lat' dir='ltr'>Filium</span> <span class='ocrx_word' id='word_1_413' title='bbox 310 2692 405 2738; x_wconf 86' lang='lat' dir='ltr'>tauquam</span> <span class='ocrx_word' id='word_1_414' title='bbox 419 2684 497 2726; x_wconf 90' lang='lat' dir='ltr'>radium</span> <span class='ocrx_word' id='word_1_415' title='bbox 512 2684 632 2732; x_wconf 85' lang='lat' dir='ltr'>divinitatis,</span> <span class='ocrx_word' id='word_1_416' title='bbox 655 2683 689 2736; x_wconf 82' lang='lat' dir='ltr'>qni</span> <span class='ocrx_word' id='word_1_417' title='bbox 704 2684 772 2724; x_wconf 82' lang='lat' dir='ltr'>ouinia</span> <span class='ocrx_word' id='word_1_418' title='bbox 786 2685 821 2725; x_wconf 90' lang='lat' dir='ltr'>illa</span> <span class='ocrx_word' id='word_1_419' title='bbox 834 2687 901 2738; x_wconf 90' lang='lat' dir='ltr'>perfe-</span> 
     </span>
     <span class='ocr_line' id='line_1_45' title="bbox 53 2740 901 2795; baseline 0.001 -13"><span class='ocrx_word' id='word_1_420' title='bbox 53 2742 92 2790; x_wconf 85' lang='lat' dir='ltr'>cit,</span> <span class='ocrx_word' id='word_1_421' title='bbox 116 2754 167 2795; x_wconf 88' lang='lat' dir='ltr'>qnae</span> <span class='ocrx_word' id='word_1_422' title='bbox 186 2742 210 2782; x_wconf 93' lang='lat' dir='ltr'>ad</span> <span class='ocrx_word' id='word_1_423' title='bbox 230 2742 326 2793; x_wconf 88' lang='lat' dir='ltr'>evangelii</span> <span class='ocrx_word' id='word_1_424' title='bbox 344 2742 507 2794; x_wconf 87' lang='lat' dir='ltr'>procurationem</span> <span class='ocrx_word' id='word_1_425' title='bbox 525 2749 545 2782; x_wconf 93' lang='lat' dir='ltr'>et</span> <span class='ocrx_word' id='word_1_426' title='bbox 562 2740 643 2782; x_wconf 88' lang='lat' dir='ltr'>luunani</span> <span class='ocrx_word' id='word_1_427' title='bbox 663 2742 743 2792; x_wconf 82' lang='lat' dir='ltr'>generis</span> <span class='ocrx_word' id='word_1_428' title='bbox 757 2742 901 2783; x_wconf 91' lang='lat' dir='ltr'>redemtionem</span> 
     </span>
     <span class='ocr_line' id='line_1_46' title="bbox 53 2799 901 2852; baseline 0.002 -15"><span class='ocrx_word' id='word_1_429' title='bbox 53 2799 149 2840; x_wconf 89' lang='lat' dir='ltr'>attinent:</span> <span class='ocrx_word' id='word_1_430' title='bbox 166 2812 205 2852; x_wconf 89' lang='lat' dir='ltr'>qno</span> <span class='ocrx_word' id='word_1_431' title='bbox 220 2811 303 2839; x_wconf 92' lang='lat' dir='ltr'>munere</span> <span class='ocrx_word' id='word_1_432' title='bbox 318 2800 431 2849; x_wconf 83' lang='lat' dir='ltr'>defunctus,</span> <span class='ocrx_word' id='word_1_433' title='bbox 446 2812 515 2840; x_wconf 92' lang='lat' dir='ltr'>rursus</span> <span class='ocrx_word' id='word_1_434' title='bbox 531 2799 556 2840; x_wconf 88' lang='lat' dir='ltr'>ad</span> <span class='ocrx_word' id='word_1_435' title='bbox 571 2799 647 2838; x_wconf 88' lang='lat' dir='ltr'>caelum</span> <span class='ocrx_word' id='word_1_436' title='bbox 662 2804 762 2839; x_wconf 89' lang='lat' dir='ltr'>assumtus</span> <span class='ocrx_word' id='word_1_437' title='bbox 775 2806 815 2848; x_wconf 78' lang='lat' dir='ltr'>est3</span> <span class='ocrx_word' id='word_1_438' title='bbox 832 2812 901 2852; x_wconf 68' lang='lat' dir='ltr'>(prem-</span> 
     </span>
     <span class='ocr_line' id='line_1_47' title="bbox 53 2855 901 2908; baseline 0.006 -15"><span class='ocrx_word' id='word_1_439' title='bbox 53 2856 159 2897; x_wconf 86' lang='lat' dir='ltr'>admoduin</span> <span class='ocrx_word' id='word_1_440' title='bbox 174 2855 242 2896; x_wconf 87' lang='lat' dir='ltr'>radius</span> <span class='ocrx_word' id='word_1_441' title='bbox 257 2856 343 2896; x_wconf 90' lang='lat' dir='ltr'>emissus</span> <span class='ocrx_word' id='word_1_442' title='bbox 358 2870 369 2897; x_wconf 89' lang='lat' dir='ltr'>a</span> <span class='ocrx_word' id='word_1_443' title='bbox 384 2858 437 2905; x_wconf 89' lang='lat' dir='ltr'>sole,</span> <span class='ocrx_word' id='word_1_444' title='bbox 457 2857 530 2897; x_wconf 90' lang='lat' dir='ltr'>iterum</span> <span class='ocrx_word' id='word_1_445' title='bbox 544 2855 631 2896; x_wconf 86' lang='lat' dir='ltr'>reernrit</span> <span class='ocrx_word' id='word_1_446' title='bbox 645 2856 670 2895; x_wconf 89' lang='lat' dir='ltr'>ad</span> <span class='ocrx_word' id='word_1_447' title='bbox 685 2856 759 2896; x_wconf 88' lang='lat' dir='ltr'>solem:</span> <span class='ocrx_word' id='word_1_448' title='bbox 779 2869 801 2896; x_wconf 88' lang='lat' dir='ltr'>ao</span> <span class='ocrx_word' id='word_1_449' title='bbox 815 2857 901 2908; x_wconf 89' lang='lat' dir='ltr'>proinde</span> 
     </span>
     <span class='ocr_line' id='line_1_48' title="bbox 53 2911 900 2965; baseline 0.005 -15"><span class='ocrx_word' id='word_1_450' title='bbox 53 2911 74 2950; x_wconf 91' lang='lat' dir='ltr'>in</span> <span class='ocrx_word' id='word_1_451' title='bbox 87 2913 155 2953; x_wconf 85' lang='lat' dir='ltr'>Iesum</span> <span class='ocrx_word' id='word_1_452' title='bbox 169 2926 244 2953; x_wconf 91' lang='lat' dir='ltr'>meram</span> <span class='ocrx_word' id='word_1_453' title='bbox 259 2912 369 2963; x_wconf 83' lang='lat' dir='ltr'>divinitatis</span> <span class='ocrx_word' id='word_1_454' title='bbox 385 2914 518 2961; x_wconf 84' lang='lat' dir='ltr'>efficientiam,</span> <span class='ocrx_word' id='word_1_455' title='bbox 534 2926 558 2953; x_wconf 88' lang='lat' dir='ltr'>ac</span> <span class='ocrx_word' id='word_1_456' title='bbox 572 2912 632 2953; x_wconf 91' lang='lat' dir='ltr'>veluti</span> <span class='ocrx_word' id='word_1_457' title='bbox 646 2913 779 2953; x_wconf 87' lang='lat' dir='ltr'>radiationem</span> <span class='ocrx_word' id='word_1_458' title='bbox 795 2914 900 2965; x_wconf 87' lang='lat' dir='ltr'>quandam,</span> 
     </span>
     <span class='ocr_line' id='line_1_49' title="bbox 52 2970 910 3023; baseline 0.005 -16"><span class='ocrx_word' id='word_1_459' title='bbox 52 2980 90 3008; x_wconf 92' lang='lat' dir='ltr'>nec</span> <span class='ocrx_word' id='word_1_460' title='bbox 104 2970 199 3019; x_wconf 88' lang='lat' dir='ltr'>solidam,</span> <span class='ocrx_word' id='word_1_461' title='bbox 215 2983 253 3011; x_wconf 86' lang='lat' dir='ltr'>nee</span> <span class='ocrx_word' id='word_1_462' title='bbox 268 2970 423 3021; x_wconf 88' lang='lat' dir='ltr'>substantivam,</span> <span class='ocrx_word' id='word_1_463' title='bbox 444 2983 542 3011; x_wconf 87' lang='lat' dir='ltr'>rnanasse.</span> <span class='ocrx_word' id='word_1_464' title='bbox 571 2970 647 3010; x_wconf 88' lang='lat' dir='ltr'>Eadem</span> <span class='ocrx_word' id='word_1_465' title='bbox 661 2970 728 3023; x_wconf 86' lang='lat' dir='ltr'>itaque</span> <span class='ocrx_word' id='word_1_466' title='bbox 743 2970 781 3010; x_wconf 92' lang='lat' dir='ltr'>fuit</span> <span class='ocrx_word' id='word_1_467' title='bbox 796 2975 816 3010; x_wconf 91' lang='lat' dir='ltr'>et</span> <span class='ocrx_word' id='word_1_468' title='bbox 829 2971 910 3023; x_wconf 70' lang='lat' dir='ltr'>falen-⁴</span> 
     </span>
    </p>
   </div>
   <div class='ocr_carea' id='block_1_3' title="bbox 54 3023 900 3134">
    <p class='ocr_par' dir='ltr' id='par_1_3' title="bbox 54 3023 900 3134">
     <span class='ocr_line' id='line_1_50' title="bbox 54 3023 900 3082; baseline 0.007 -19"><span class='ocrx_word' id='word_1_469' title='bbox 54 3024 175 3068; x_wconf 86' lang='lat' dir='ltr'>tinianornrn</span> <span class='ocrx_word' id='word_1_470' title='bbox 190 3027 296 3076; x_wconf 89' lang='lat' dir='ltr'>sententia,</span> <span class='ocrx_word' id='word_1_471' title='bbox 312 3027 345 3080; x_wconf 85' lang='lat' dir='ltr'>qui</span> <span class='ocrx_word' id='word_1_472' title='bbox 361 3027 386 3069; x_wconf 89' lang='lat' dir='ltr'>de</span> <span class='ocrx_word' id='word_1_473' title='bbox 400 3029 465 3082; x_wconf 84' lang='lat' dir='ltr'>prima</span> <span class='ocrx_word' id='word_1_474' title='bbox 481 3027 571 3080; x_wconf 88' lang='lat' dir='ltr'>ogdoade</span> <span class='ocrx_word' id='word_1_475' title='bbox 586 3027 721 3068; x_wconf 89' lang='lat' dir='ltr'>cumSimone</span> <span class='ocrx_word' id='word_1_476' title='bbox 737 3023 900 3072; x_wconf 79' lang='lat' dir='ltr'>consentiebant:</span> 
     </span>
     <span class='ocr_line' id='line_1_51' title="bbox 733 3095 821 3134; baseline 0 0"><span class='ocrx_word' id='word_1_477' title='bbox 733 3095 764 3134; x_wconf 76' lang='grc'>7*</span> <span class='ocrx_word' id='word_1_478' title='bbox 806 3110 821 3122; x_wconf 89' lang='lat'>··</span> 
     </span>
    </p>
   </div>
   <div class='ocr_carea' id='block_1_4' title="bbox 0 0 982 3304">
    <p class='ocr_par' dir='ltr' id='par_1_4' title="bbox 0 0 982 3304">
     <span class='ocr_line' id='line_1_52' title="bbox 0 0 982 3304; baseline 0 0"><span class='ocrx_word' id='word_1_479' title='bbox 0 0 982 3304; x_wconf 95' lang='lat' dir='ltr'> </span> 
     </span>
    </p>
   </div>
  </div>
 </body>
</html>
