1936 3304
328 162 354 189 uu
370 162 509 191 cuosrrconmr
523 162 593 192 anans.
847 149 888 191 117

33 274 99 316 77777777
114 264 145 301 7777
146 260 305 329 7171771711777777
320 263 416 303 7777777717
428 271 466 315 po
467 270 500 304 777
501 277 520 303 ru
535 263 612 316 opifera
625 269 742 315 7777777777
772 257 893 320 777ὶὴ7771

36 317 95 361 ἐστιν
114 311 159 358 duc
178 318 243 358 771
236 313 326 373 πρώτου
346 317 578 387 7777777777177777
598 317 635 361 7771
649 334 688 376 apg
702 320 743 360 τοῦ
758 317 893 376 1777777777γοῦ

36 369 154 426 1777717.77777ς
180 374 250 414 Altero
265 387 313 415 vero
328 376 385 416 nobis
401 376 458 417 inam
445 384 479 443 tua
495 389 519 417 777
535 380 612 418 71777777
582 380 620 417 71777
636 341 718 417 77771757·
701 383 750 417 7777777
763 389 812 417 777777
814 377 891 424 717777777

35 446 56 472 777
70 443 170 499 7777777777
171 443 210 471 77777
225 431 264 472 oet
277 432 374 499 speculata
374 435 402 472 777
417 446 458 501 777
457 435 530 474 raserit.
559 428 613 500 77711
627 428 756 501 7717177777
772 429 892 501 anapaesta

35 482 142 543 oduarium
163 500 299 544 περιφορας,
322 483 354 537 ele
374 481 400 544 177
421 484 892 547 17777177777117777777777771.1777777

35 557 83 597 777777
104 545 161 585 777175
184 546 264 585 7777177777
257 545 429 593 7777777777177,7
423 547 544 588 licitationum
566 559 641 600 quoqne
656 548 779 600 7177777777
792 548 890 595 7777771775

34 602 69 642 uta
88 613 135 641 aero
154 614 203 654 77777
224 602 284 642 aaa
278 601 392 654 7771171171
410 602 465 643 ilari7
446 610 501 643 teuto
481 604 578 644 77771757
591 603 720 667 7771117117771
705 616 752 651 777,
770 606 890 667 7777777777,

33 659 198 713 777777777771,
213 661 298 698 motioni
312 662 451 711 superemicet.
480 659 526 700 Vult
544 659 614 711 igitur,
634 660 724 712 priorem
742 660 830 700 animam
848 661 889 700 iat-o

34 727 74 755 non
89 715 170 763 servire,
187 715 240 767 quia,
254 720 277 755 ut
292 714 320 755 ait
334 728 378 767 cap.
395 729 438 768 seq.
453 716 514 756 habet
528 717 550 757 in
564 729 587 758 57
594 716 717 770 principium
724 716 836 769 proprium,
849 730 889 769 quo

33 771 99 824 possit
114 771 138 811 ad
153 771 279 823 intelligibile
293 772 399 813 restituere
414 773 523 825 seipsam,
540 779 560 814 et
575 786 585 813 a
600 774 662 813 rebus
677 773 736 813 factis
750 773 853 825 refugere,
870 779 890 813 et

34 841 79 868 oum
94 841 118 868 eo
134 829 186 880 quod
202 834 239 877 est,
256 829 349 881 quodque
365 829 453 870 divinum
462 836 498 879 est,
514 830 613 871 connecti:
633 829 769 883 posteriorem
783 843 830 870 vero
846 830 889 870 ani-

32 898 86 925 mam
101 885 141 925 lato
156 885 267 925 subiacere.
296 886 325 926 Ita
337 886 465 935 lamblichus,
481 886 502 927 in
517 887 574 928 errius
589 887 655 928 verbis
671 892 691 928 et
706 900 767 927 sensu
781 888 889 940 perspicue

33 942 99 983 elucet
113 942 186 994 duplex
200 942 233 982 illa
247 942 431 983 Valentinianorum
447 943 519 984 anima.
548 944 577 984 Ea
592 944 655 992 enirn,
676 956 735 996 quarn
751 943 842 996 aprima
858 943 888 983 in-

34 998 133 1050 telligibili
148 1011 193 1040 esse
209 999 264 1048 dicit,
280 999 323 1052 ipsa
340 1005 371 1039 est
386 1012 445 1052 qnam
460 1000 571 1052 spiritalem
586 1000 693 1050 iactabant,
710 1013 721 1040 e
736 1000 838 1053 superiori
845 1000 888 1052 ple-

33 1061 110 1096 romate
125 1055 302 1108 perSuloqtorem
317 1061 337 1096 et
352 1056 395 1096 eins
411 1057 493 1108 angelos
509 1057 620 1098 deciduam.
649 1057 678 1097 Ea
692 1070 745 1106 vero,
762 1070 821 1110 qnam
835 1057 889 1098 indi-

32 1118 73 1152 tam
96 1126 141 1153 esse
162 1112 235 1153 asserit
253 1127 277 1153 er
296 1113 380 1154 circuitu
400 1113 517 1154 caelestimn
535 1114 665 1162 mtrndorum,
688 1114 733 1166 ipsa
753 1118 784 1154 est
803 1126 889 1167 quanta

32 1169 139 1222 Demiurgo
154 1170 245 1218 animali,
264 1182 325 1222 supra
343 1169 451 1223 septimum
466 1171 536 1210 orbem
550 1170 678 1218 considente,
697 1171 821 1211 insufflatam
834 1171 888 1211 vole-

32 1226 90 1274 bant,
113 1232 133 1266 et
154 1227 175 1267 in
196 1239 254 1279 quam
274 1227 367 1279 superior
381 1227 415 1267 illa
430 1240 475 1268 sese
491 1227 612 1269 insinuabat.
651 1227 694 1268 Hoe
708 1232 785 1268 tanturn
800 1227 853 1268 inter
867 1241 890 1269 se

33 1283 133 1332 differunt,
149 1284 202 1336 quod
217 1283 338 1324 lamblichus
353 1289 400 1336 post
414 1284 518 1324 Platonem
534 1291 613 1324 etcum
629 1283 701 1324 ceteris
709 1283 819 1324 Platonicis
835 1285 889 1325 alfii-

32 1347 101 1390 maret,
117 1341 242 1393 superiorem
258 1340 312 1381 illam
328 1341 415 1380 animam
430 1341 549 1393 emporibus
565 1341 834 1394 dudumpraeexsistentem,
849 1341 889 1381 iarn

32 1398 148 1449 perlectam,
164 1403 184 1438 et
197 1398 252 1437 relat
267 1397 354 1438 adultam
369 1397 441 1437 iisdem
456 1398 544 1438 inl'usam
558 1398 633 1438 fuisse:
648 1398 782 1438 Valentiniani
789 1411 836 1438 vero
845 1411 889 1438 eam

33 1454 163 1506 opinarentur
177 1454 231 1495 uelut
245 1467 314 1495 semen
330 1455 430 1507 quoddam
446 1456 539 1506 triforme,
555 1462 574 1495 77
589 1458 632 1495 sine
647 1458 710 1507 specie
722 1461 740 1496 77
750 1455 890 1507 777777777777777

32 1511 111 1551 animae
126 1511 206 1551 animali
222 1511 294 1559 inseri,
315 1517 336 1551 ut
354 1511 382 1551 ihi
398 1512 543 1564 perfectionem
563 1518 582 1552 77
600 1513 743 1565 formationem
756 1511 857 1564 percipiat
866 1509 889 1562 ¹).

33 1568 157 1621 Quamquam
173 1574 294 1608 tamennon
308 1581 372 1620 usque
388 1569 437 1608 adeo
453 1568 580 1616 dissentiunt,
596 1575 618 1609 ut
633 1568 741 1608 concordia
756 1568 890 1620 redintegrari

31 1637 72 1665 non
87 1625 160 1677 possit.
190 1625 284 1673 Quamvis
301 1624 353 1665 enirn
369 1624 446 1664 animas
461 1625 501 1665 iam
517 1625 594 1665 adultas
610 1624 731 1677 incorpora
748 1624 891 1666 deiioivellent

31 1682 140 1731 Platonici,
159 1681 216 1735 prius
235 1687 302 1722 tamen
322 1681 429 1721 oblivionis
451 1681 525 1733 poculo
549 1687 641 1734 epotatae
660 1693 768 1733 corporum
786 1681 841 1722 mole
860 1682 890 1722 sic

32 1738 176 1787 obruebantur,
196 1744 219 1779 ut
238 1738 263 1778 115
283 1738 399 1789 ambagibus
417 1751 458 1778 riou
473 1738 513 1778 nisi
528 1737 737 1791 paullatimcrcnssis
753 1738 826 1778 iterum
841 1739 889 1779 ado-

31 1795 136 1844 lescerent,
152 1796 323 1848 pristinarmnque
339 1795 482 1847 cogitationum
497 1794 582 1847 vestigia
596 1794 681 1835 rationis
697 1807 736 1848 ope
752 1794 849 1847 gradatim
858 1807 890 1835 re-

31 1852 132 1893 fricarent.
164 1853 298 1901 Quamobrem
313 1857 333 1892 et
348 1851 387 1904 ipsi
402 1852 454 1892 hanc
470 1851 557 1892 animam
569 1852 778 1905 primuminlormem,
794 1864 891 1893 successu

33 1909 128 1961 temporis
146 1911 257 1962 perlectam
282 1909 365 1949 evadere
388 1908 541 1949 contendebant.
577 1909 621 1948 Hoc
643 1908 702 1948 etiam
722 1908 775 1949 inter
793 1915 890 1961 utrosque

31 1966 168 2015 conveniebat,
184 1967 236 2019 quod
253 1966 339 2006 animam
354 1965 461 2006 animalem
476 1965 511 2006 lati
525 1965 611 2005 vinculis
619 1965 722 2016 illigatam,
738 1964 850 2018 spiritalem
857 1966 890 2006 his

31 2022 115 2063 liberam
130 2036 175 2064 esse
191 2023 299 2070 sentirent3
321 2023 375 2074 quod
394 2022 438 2062 aliis
454 2022 555 2070 terminis,
576 2022 647 2062 eodem
664 2027 717 2062 certe
732 2035 804 2072 sensu,
824 2022 890 2075 expri-

31 2087 108 2120 mentes
123 2079 267 2128 Valentiniani,
287 2079 390 2127 dicebant,
410 2082 488 2119 7777777777
504 2079 600 2132 quosdam
614 2085 691 2119 7777777777
707 2080 779 2127 bonus,
795 2081 891 2133 quosdam

31 2143 97 2177 77777777
111 2144 188 2177 liutara
202 2137 273 2177 77771775.
306 2136 333 2176 Et
352 2137 413 2176 177775
433 2136 627 2188 777717771757757,
648 2139 891 2188 777777777775777717775

31 2194 94 2246 finiret:
110 2194 161 2234 7717775
177 2206 224 2234 nero
240 2201 315 2234 7777777777
330 2205 419 2245 nequam,
434 2205 537 2245 7777777777777
553 2192 689 2244 7777771117771
707 2190 801 2244 5777777772),
818 2193 891 2246 quihus

31 2250 117 2302 proinde
137 2250 203 2290 aeditus
219 2249 284 2289 orneris
300 2250 321 2289 in
336 2249 436 2302 pleroma,
457 2249 506 2289 solis
522 2248 646 2301 spiritalibus
662 2248 786 2301 excipiendis
802 2249 890 2289 destina-

32 2312 83 2355 tum,
99 2307 365 2347 intercludereturnecesse
381 2312 429 2346 erat.
460 2306 494 2347 Sic
509 2305 654 2346 christianismi
669 2305 759 2358 speciem
773 2305 889 2346 Platonico·

31 2376 74 2403 rnm
91 2363 209 2404 courmentis
224 2363 346 2403 inducebant
360 2362 480 2415 nequissimi
494 2362 595 2402 homines.
623 2362 700 2414 Nernpe
716 2362 889 2415 quodinaposto-

31 2420 96 2460 lorum
111 2420 193 2472 scriptis
207 2420 303 2472 legerant,
319 2419 424 2460 animalem
439 2419 542 2459 hominem
560 2431 602 2458 non
616 2419 722 2471 percipere
738 2431 761 2459 ea
776 2431 827 2471 quae
843 2427 890 2460 sum

32 2477 119 2529 Spiritus
135 2477 181 2526 1171,
202 2477 299 2529 qirosdam
317 2476 410 2517 homines
431 2475 528 2516 animales
543 2488 594 2522 esse,
610 2474 707 2527 Spiritum
723 2487 764 2515 non
779 2475 889 2525 habentes3

32 2533 143 2587 spiritalem
158 2534 225 2574 omnia
240 2533 340 2583 indicare,
356 2545 414 2572 veros
423 2532 548 2573 Christianos
563 2531 664 2584 primitias
673 2532 760 2585 Spiritus
777 2533 888 2586 accepisse,

32 2597 52 2630 et
74 2590 174 2643 spiritales
197 2603 252 2639 esse,
276 2596 314 2630 cte.
333 2589 435 2642 platonica
454 2588 524 2630 deliria
543 2589 583 2628 hoc
599 2588 732 2630 transferendi
748 2588 828 2629 occasio
844 2590 888 2631 fnit.

31 2647 134 2688 lliversam
153 2648 258 2700 utriusque
278 2647 355 2687 animae
374 2651 449 2687 sortem
468 2658 509 2685 non
523 2658 602 2686 moror:
622 2651 693 2698 sponte
711 2644 795 2686 fluiter
810 2646 889 2687 diversa

31 2705 136 2757 utriusque
159 2704 275 2744 conditione
297 2712 316 2744 et
338 2703 422 2755 origine.
460 2703 595 2755 Unaquaeque
614 2702 667 2742 enirn
684 2701 807 2755 principium
830 2716 888 2744 sunm

33 2761 101 2810 ambit,
116 2761 175 2802 etad
191 2760 239 2800 illud
255 2760 345 2801 anhelat:
362 2774 385 2801 ac
398 2759 485 2813 proinde
500 2773 561 2812 quum
576 2759 638 2799 altera
651 2758 788 2811 epleromate‚
804 2759 888 2801 alterae

31 2819 134 2859 7777177777
143 2817 252 2865 defluxerit,
267 2830 307 2858 una
314 2817 335 2857 in
342 2818 432 2870 pleroma
440 2830 485 2858 cum
494 2816 570 2868 angelis
580 2815 701 2864 Saloutaria,
717 2816 779 2856 altera
787 2816 808 2856 in
815 2818 888 2858 77777177-

32 2881 92 2916 tatem
106 2888 151 2915 cum
161 2874 267 2926 Darniurgo
282 2874 417 2926 recolligenda
431 2878 521 2915 recurrat
534 2884 619 2913 necesse
634 2877 671 2913 est.
700 2873 742 2914 Nec
756 2873 807 2914 haec
820 2873 888 2914 Plato-

78 2999 93 3039 l)
106 3001 146 3033 tren.
159 3000 193 3034 adr.
205 3000 250 3033 haer.
263 2999 283 3040 11,
296 2998 322 3039 19,
337 2999 350 3031 l.
397 2997 414 3035 2)
426 2997 466 3031 lbid.
478 2997 490 3038 l,
504 2997 519 3039 t,
532 2997 548 3030 4,
