1936 3304
68 212 95 252 51
334 223 379 250 1111.
395 221 492 249 missuum
508 220 638 248 oissuarario
656 222 661 247 1

67 326 142 373 tiones,
162 324 235 377 quibus
256 324 345 364 difficilia
360 322 438 363 irenaei
453 323 498 362 loca
513 321 614 361 elucidare
630 333 706 361 conaus
727 334 784 370 sum,
806 334 830 360 ac
849 336 920 366 novam

66 381 154 433 capitum
169 382 285 428 sectionem,
302 394 392 433 novaque
407 381 500 419 lemmata
516 385 536 418 et
551 379 666 425 summulas,
683 377 755 430 quibus
771 380 858 419 auctoris
875 393 919 423 sco-

66 451 104 491 pus
124 447 144 479 ot
163 444 300 490 argumentum
315 438 379 478 oculis
395 437 508 483 exhibetur,
529 435 549 474 in
565 435 637 488 quibus
653 434 746 475 omnibus
761 437 812 476 forte
829 439 920 480 nonnihil

67 496 112 548 opis
128 496 247 549 quibusdam
255 495 324 542 fuerit,
339 501 420 547 praeter
433 494 489 541 baec,
502 493 590 544 inquam,
607 505 711 532 accessere
720 498 804 544 quatuor
813 493 920 546 ampliores

66 553 255 605 locupletioresque,
273 564 331 603 quam
346 552 444 591 hactenus
459 550 581 602 prodierint,
602 549 686 589 indices.
719 549 799 590 Primus
815 556 845 590 est
864 563 920 603 grae-

67 623 135 651 carum
153 622 224 650 vocum
243 607 363 660 glossarium
384 621 419 647 seu
434 607 524 657 lexicon,
544 606 644 647 secundus
658 606 765 646 latinarum
784 607 921 651 difficiliorem

67 673 87 707 et
102 667 126 706 ab
141 680 179 706 usu
194 664 294 705 communi
308 664 445 712 reinotiorum,
462 676 545 716 quarunt
560 663 671 714 significata
685 663 716 703 rel
731 665 814 704 Irenaeo
830 678 866 705 sen
878 667 921 707 eius

66 723 172 776 interpreti
186 722 268 775 propria
288 721 319 761 vel
334 734 375 761 non
390 721 440 761 adeo
456 720 514 760 obvia
530 726 582 761 suut.
618 720 698 761 Tertius
715 728 746 761 est
765 733 844 769 eorum,
861 735 921 775 quae—

67 793 152 833 cumque
177 780 253 831 profert
275 779 379 826 irenaeus,
402 777 519 829 Scripturae
545 790 614 817 sacrae
634 777 804 827 testimoniorum,
828 780 921 821 adnotata

67 837 137 885 etiam,
158 836 176 876 si
192 849 241 888 quae
257 835 357 875 interdum
372 840 474 883 occurrat,
496 834 612 874 incitando
628 847 668 874 uno
684 834 788 875 eteoclem
804 836 920 878 testimonio

67 895 192 941 diversitate,
213 899 235 932 ut
250 904 273 931 ea
288 891 366 932 ratione
382 890 498 942 Scripturae
514 903 583 931 sacrae
599 891 685 931 studiosi
699 891 777 931 Irenaei
793 893 873 934 codices
889 907 921 935 sa-

67 963 112 991 cros
128 963 173 991 cum
187 949 262 989 uostris
278 961 394 1001 comparare
409 947 468 988 facile
482 947 572 999 possint,
589 948 661 1000 quidve
677 948 800 989 discriminis
816 950 921 999 (levissimi

67 1012 128 1057 certe)
150 1006 203 1046 inter
222 1012 319 1058 utrosque
341 1005 457 1053 intercedat,
474 1005 587 1045 observare.
625 1005 712 1053 Quartus
733 1006 832 1059 denique,
855 1020 921 1049 rerum

66 1064 155 1104 omnium
177 1064 340 1115 praecipuarum,
364 1075 414 1115 quae
434 1070 475 1102 1111
495 1062 547 1114 apud
566 1062 633 1114 ipsum
647 1062 763 1109 Irenaeum,
786 1069 827 1103 tum
849 1065 870 1104 iu
885 1078 921 1105 no-

66 1121 114 1161 stris
129 1119 305 1160 dissertationibus
322 1126 341 1160 et
355 1120 409 1159 notis
424 1123 544 1168 occurrunt,
560 1118 627 1159 addito
643 1119 703 1159 etiarn
719 1119 739 1159 in
754 1120 794 1160 fine
809 1120 872 1161 altero
884 1135 920 1174 pro

67 1177 152 1218 aliorum
167 1178 221 1217 notis
236 1177 310 1217 indice.

122 1235 178 1275 Haec
199 1239 245 1274 sunt
264 1246 314 1286 qliae
334 1234 358 1273 de
377 1245 428 1273 nora
448 1233 485 1273 bac
500 1233 578 1273 lrenaei
598 1232 687 1273 editione
702 1234 789 1285 praefari
804 1234 869 1275 visum
884 1243 920 1277 est.

65 1292 162 1343 Exposita
176 1291 215 1331 iam
230 1291 292 1330 totius
308 1289 388 1330 consilii
402 1289 442 1329 mei
456 1290 541 1337 ratione,
556 1294 645 1330 ceterum
660 1290 756 1343 deinceps
770 1291 867 1332 lectorem
880 1305 922 1333 non

66 1349 167 1396 morabor,
184 1348 232 1400 quin
247 1349 292 1399 ipse
308 1347 408 1399 dispiciat,
424 1359 449 1386 an
465 1359 515 1398 opus
530 1347 582 1387 votis
598 1347 840 1400 etconatisrespondeat.
864 1349 921 1397 Quod

66 1406 84 1445 si
99 1405 127 1445 ita
142 1405 174 1453 sit,
189 1417 251 1445 unam
265 1405 317 1444 banc
332 1416 377 1443 esse
392 1403 451 1443 velim
465 1403 541 1443 laboris
556 1404 676 1452 mercedem,
693 1404 811 1445 deecclesia
820 1406 922 1458 quidpiam

65 1462 175 1511 meruisse3
191 1461 247 1501 cuins
263 1460 338 1500 iudicio
354 1473 492 1513 qtiaeeumque
507 1473 518 1499 a
533 1473 565 1500 me
579 1461 704 1513 prodierunt,
726 1461 813 1502 libenter
828 1463 921 1511 sublicio,

67 1532 90 1559 ea
109 1518 176 1558 onmia
194 1518 301 1558 emendare
320 1530 343 1557 ac
362 1528 458 1557 revocare
477 1522 569 1568 paruus,
589 1530 640 1569 quae
660 1518 766 1558 crnendare
785 1531 809 1559 ac
827 1532 921 1561 revocare

67 1576 156 1616 iusserit.

84 1879 190 1927 nudati
207 1880 350 1928 ulnssutttt
363 1879 608 1928 dissertationes
621 1881 651 1929 IN
667 1881 905 1932 111111111111115.

426 1983 568 1990 ———-—.—

260 2036 728 2087 blsstlttttlul‘lttltt.

105 2118 138 2160 DE
153 2117 312 2166 HAERETICIS,
329 2118 397 2166 Quos
412 2117 489 2159 LIBRO
504 2119 584 2159 Pnttio
599 2120 732 2162 RECENSET
747 2122 880 2172 IRENAEUS,

198 2185 468 2234 1111111111111115,
484 2186 599 2227 seruatis
615 2188 648 2228 ΕΤ
663 2189 800 2232 uotiuum.

384 2278 507 2315 ARTIGULUS
521 2279 612 2317 PRIMUS.

337 2360 661 2393 11111111111.

364 2436 376 2469 l.
400 2435 480 2468 EIUS
505 2435 636 2470 Parata.

126 2503 155 2543 111
166 2502 265 2544 Valentini
280 2503 345 2556 patria
361 2507 381 2543 et
395 2503 458 2556 stirpe
473 2503 524 2543 nibil
538 2510 620 2555 certum,
635 2506 750 2559 Epiphanio
762 2506 776 2559 ¹)
792 2514 848 2558 teste,
865 2523 924 2551 eve·

71 2560 149 2600 teribus
165 2560 254 2612 exsculpi
268 2565 342 2612 potest.
377 2561 472 2609 Quamvis
490 2561 550 2601 buius
565 2563 659 2603 haeresin
674 2565 718 2604 fuse
740 2565 868 2617 exagitaverit
882 2567 923 2606 Ire-

72 2626 145 2665 naeus,
165 2616 215 2656 liaeo
234 2622 300 2657 tamen
318 2618 358 2658 alto
376 2618 451 2670 premit
465 2617 552 2658 silentio¹
588 2619 697 2672 Accepisse
713 2634 735 2661 se
750 2622 778 2662 ait
791 2623 924 2675 Epiphanius,

71 2673 109 2714 sed
124 2673 225 2714 auditione
241 2675 283 2714 sola
298 2679 318 2715 et
333 2675 391 2722 fania,
406 2681 535 2724 nontamen,
550 2675 622 2728 inquit,
637 2690 701 2730 usque
717 2679 766 2719 adeo
782 2684 842 2728 certa,
858 2681 923 2721 11111-

72 2730 129 2771 bium
143 2729 204 2777 levet,
225 2730 279 2771 'llum
293 2731 437 2772 Pbrebonitem
452 2745 507 2778 esse,
527 2745 550 2772 eii
564 2733 648 2786 Aegypti
664 2735 748 2788 quadam
763 2749 805 2777 ora.
834 2737 872 2777 Ubi
887 2750 924 2790 pro

73 2787 226 2835 Pbrebonitem,
245 2788 301 2828 cuius
319 2789 359 2829 loci
378 2788 432 2828 nulla
452 2789 505 2841 apud
519 2795 597 2829 veteres
612 2793 699 2832 occurrit
713 2794 798 2842 mentio,
818 2794 925 2845 legendum

73 2844 178 2885 contendit
191 2843 308 2885 Lambertus
323 2846 415 2886 banaeus
431 2846 456 2885 ad
470 2847 553 2896 August.
569 2847 593 2886 de
608 2848 690 2889 Haeres.
706 2862 750 2902 cap,
762 2864 789 2891 xi.
823 2851 924 2892 Pharbae-

75 2901 150 2949 tbitem,
166 2900 223 2941 cuius
238 2902 348 2943 sententiae
363 2902 461 2944 calculum
476 2902 546 2944 adiicit
557 2903 649 2946 Petnvius
664 2906 685 2947 in
701 2907 743 2948 suis
758 2907 925 2962 adEpiplianium

119 3062 134 3097 ll
147 3061 206 3105 Epiph.
219 3061 266 3093 Haec
283 3061 335 3094 xxti.
351 3060 368 3103 ᾗ,
381 3063 397 3094 2,
