1936 3304
51 200 93 241 494
298 210 325 238 Vl.
346 209 443 238 EPISTULA
460 209 490 236 FR-
506 208 580 236 bldeAE
596 210 656 237 tacut

51 312 91 351 vim
107 322 162 350 suam
179 309 320 362 conclude-ndi,
335 315 355 351 et
369 308 468 362 probandi
484 308 599 349 necessario
615 308 762 361 adipiscuntur,
778 321 819 350 non
835 309 904 358 abeo,

52 368 105 421 quod
121 372 152 407 est
167 367 206 408 dici
220 369 243 409 dc
259 371 317 415 orrrnr',
334 374 353 407 et
368 367 406 407 dici
420 366 443 406 de
458 365 538 406 rutttof‘
568 365 619 405 Hinc
634 367 694 405 etiam
710 372 778 407 natum
794 371 826 407 est
837 367 905 406 tritum

51 425 101 464 illud
120 425 141 464 in
161 425 237 465 scholis
257 424 406 464 dialecticorum
425 427 523 462 vetustate
540 422 680 475 proverbium:
700 422 799 464 Assentiri
817 428 904 463 mentem

51 494 93 521 non
108 494 170 534 posse
185 481 355 527 antecedentibus,
372 479 420 531 quin
436 479 562 520 conclusioni
577 492 617 519 non
633 479 760 528 assentiatur,
776 480 868 528 maxime,
884 485 905 520 ut

53 538 170 579 scholastici
190 538 256 586 aiunt,
276 537 296 576 in
312 537 393 577 materia
409 537 536 577 necessaria:
555 536 739 576 verumenimvero
756 538 807 577 addo
823 550 869 589 ego,
886 541 906 577 et

53 596 133 648 qnando
149 596 175 643 id,
191 595 244 646 quod
259 594 394 646 consequitur,
410 593 500 645 proximo
509 598 649 646 consequatur,
665 593 857 645 quiatuncnecesse
867 599 903 642 est,

53 658 122 692 orator
136 651 186 703 ipsc,
201 650 333 702 velscriptor,
350 650 428 690 etiamsi
444 663 521 690 summa
535 650 611 702 ingenii
626 649 644 689 vi
660 655 680 689 et
694 650 786 690 acumine
801 663 842 690 non
857 663 904 702 pro-

52 709 93 757 bet,
108 708 179 747 viderit
196 712 260 747 tamen
276 707 297 746 in
312 707 348 755 iis,
372 720 423 758 quae
438 708 498 755 (lixit,
520 719 594 759 quaeve
609 706 700 759 scripsit,
720 707 774 758 quod
788 706 904 747 necessario

54 773 74 806 et
93 764 182 817 proxime
198 763 337 816 consequitur,
354 764 460 816 contineri.
490 763 533 812 Qua
548 763 569 804 in
584 776 606 804 re
622 776 686 816 neque
701 763 774 805 desunt
788 763 905 816 antiquissi-

52 833 130 861 morum
145 821 184 861 PP.
205 821 305 873 exempla,
326 821 360 873 qni
380 820 446 860 divina
462 820 541 873 eloquia
556 820 648 867 scrutati,
672 826 820 868 asseverarunt,
842 821 905 861 Deum

53 890 123 918 caussa
140 878 231 930 exempli,
248 890 308 929 quum
323 877 428 930 praecepit
441 881 538 918 aeranem
546 890 589 917 esse
597 877 731 925 redeuutem,
743 873 906 917 'internecionem

54 935 85 975 sui
101 935 160 974 etiam
175 934 310 987 prohibuisse,
327 934 415 987 quamvis
431 934 451 974 id
467 946 593 986 nequaquam
608 934 740 985 expresserit,
762 934 855 987 quoniam
870 946 906 974 ne-

54 992 142 1031 cessario
158 996 178 1030 et
192 991 282 1043 proxime
298 990 395 1031 exaltato
411 996 518 1042 praecepto
532 991 668 1042 consequitur.
697 990 761 1031 Huius
776 991 805 1030 rei
815 990 906 1042 exemplo

54 1061 99 1088 esse
114 1053 205 1100 possunt,
220 1060 270 1099 equae
278 1048 372 1088 irenaeus
388 1047 459 1087 scribit
474 1047 498 1087 ad
506 1046 609 1087 Florinum
625 1047 645 1086 in
660 1047 711 1086 haec
719 1047 778 1088 verba
786 1045 812 1098 1);
828 1048 906 1099 „Atque

54 1117 121 1145 coram
137 1109 190 1144 certe
206 1104 245 1144 iam
260 1104 322 1144 Deum
339 1104 447 1145 contestari
463 1116 552 1156 pessum,
574 1104 630 1144 illum
645 1103 726 1143 beatum
741 1109 760 1144 et
775 1103 906 1156 apostolicum

53 1161 193 1213 presbyterum
204 1160 343 1213 Polycarpum,
359 1161 376 1200 si
392 1161 490 1201 eiusmodi
507 1161 598 1212 dogmata
614 1161 665 1201 lorte
681 1161 796 1208 audivisset,
812 1161 906 1200 continuo

54 1218 220 1266 exclanratururn,
241 1223 260 1257 et
275 1230 334 1257 aures
350 1218 498 1265 obturaturum,
522 1230 545 1257 ac
560 1218 584 1257 de
599 1230 655 1257 moro
671 1230 706 1257 suo
722 1217 821 1258 dicturum
837 1217 906 1265 luisse,

55 1276 81 1315 oh
97 1275 212 1314 boneDeus
228 1274 248 1313 in
265 1287 315 1326 quae
330 1287 362 1314 me
378 1280 468 1327 tempora
482 1274 599 1321 reservasti,
615 1279 636 1314 ut
651 1275 690 1314 ista
704 1274 779 1326 patiar!
810 1279 869 1326 atque
884 1287 908 1313 er

55 1344 79 1371 co
94 1331 146 1378 loco,
163 1343 201 1382 quo
217 1331 247 1370 vel
263 1331 343 1378 sedens,
358 1331 388 1370 vel
404 1338 459 1371 stans
475 1344 498 1370 ca
514 1331 628 1379 audivisset,
644 1331 743 1383 extemplo
758 1332 817 1383 plane
830 1330 908 1381 aulugi-

54 1390 142 1427 tur·um.“
170 1387 261 1438 Itemque
282 1400 305 1426 ex
320 1386 424 1439 epistolis,
441 1399 489 1439 quas
505 1398 550 1426 cum
565 1387 589 1426 acl
604 1387 679 1426 vicinas
695 1388 802 1435 ecclesias,
819 1400 857 1439 qno
874 1399 908 1427 eas

55 1444 193 1492 contirrnaret;
212 1449 254 1483 tum
270 1443 294 1483 ad
310 1444 408 1495 quosdam
423 1444 506 1491 fratres,
524 1455 563 1495 quo
579 1455 613 1483 eos
628 1451 670 1482 tum
686 1443 803 1484 admoneret
817 1449 859 1483 tum
874 1456 908 1483 co-

54 1501 178 1548 hortaretur,
201 1500 264 1547 misit,
280 1500 318 1540 ista
334 1500 362 1540 ita
377 1512 398 1539 se
414 1500 488 1540 babere
502 1499 609 1540 manifesto
625 1500 720 1551 cognosci
735 1499 816 1552 poterit.
845 1500 909 1551 igitur

55 1570 77 1597 er
97 1556 170 1596 litteris
185 1556 290 1608 Polycarpi
311 1556 418 1596 arbitratus
438 1561 469 1596 est
488 1569 504 1595 s.
520 1558 613 1596 lrenaeus
634 1556 742 1608 quidquam
759 1556 825 1606 colligi
840 1569 908 1608 posse,

56 1614 109 1666 quod
125 1613 206 1665 quidem
221 1614 246 1653 ad
261 1626 311 1652 nova
320 1619 390 1661 errata,
406 1613 445 1653 boc
454 1618 485 1652 est
492 1613 616 1665 temporibus
624 1613 730 1665 Polycarpi
738 1614 827 1653 nondum
835 1618 908 1660 exorta,

55 1670 165 1710 refellenda
181 1675 201 1710 et
216 1670 328 1709 damnanda
342 1670 423 1710 valeret.
452 1670 525 1710 Verum
540 1669 699 1709 luculentissime
709 1670 810 1722 propositi
825 1670 909 1710 canonis

55 1727 160 1766 veritatem
182 1726 277 1778 explicuit
296 1726 431 1766 Tertullianus
450 1726 480 1766 vir
499 1726 520 1766 in
539 1726 657 1766 disserendo
677 1726 815 1775 acutissimus,
839 1726 873 1777 qui
887 1731 910 1765 ut

57 1782 180 1833 Hermogeni
195 1783 311 1822 ostenderet
325 1789 408 1830 terram,
425 1795 483 1834 quam
498 1783 519 1822 in
534 1783 634 1835 principio
651 1784 750 1823 creavisse
765 1784 828 1835 Deum
843 1783 909 1823 lloses

57 1837 173 1890 affirmat2),
190 1851 214 1878 er
227 1838 291 1878 invisa
306 1839 389 1879 materia
403 1851 444 1879 non
460 1839 522 1879 luisse
537 1839 672 1891 progenitam,
688 1840 746 1880 allert
760 1840 827 1891 plures
843 1851 909 1880 sacra-

56 1909 100 1936 rum
109 1896 228 1935 Litterarum
243 1900 320 1935 textus:
337 1900 395 1948 atque
410 1896 466 1935 illum
481 1895 584 1948 inprimis:
608 1895 634 1936 lu
646 1899 748 1949 prt'rtcr'pt'o
765 1899 841 1937 crreeotc
855 1897 910 1936 Deus

57 1953 133 1993 coelum
148 1959 167 1993 et
182 1961 260 1993 terram
275 1949 333 2003 erest)
367 1953 390 1992 ld
406 1956 473 1993 autem
481 1953 616 2004 Hermogenes
632 1952 706 1992 dictum
721 1952 787 1993 aiebat
802 1952 840 2001 „de
855 1953 910 1993 caelo

57 2009 107 2057 solo,
124 2009 183 2049 etde
199 2014 251 2049 terra
266 2008 311 2055 ista,
328 2009 381 2060 quod
396 2009 449 2049 Deus
465 2021 509 2048 eam
524 2009 545 2049 in
559 2009 659 2061 principio
675 2009 751 2058 lecerit,
767 2010 792 2049 de
804 2009 910 2061 speciebus

57 2071 123 2106 autem
138 2065 272 2117 supradictis
287 2064 338 2105 nihil
353 2065 403 2106 tale:
420 2071 440 2105 et
454 2065 500 2105 ideo
516 2078 557 2113 eas,
573 2078 623 2117 quae
638 2066 702 2106 factae
717 2079 758 2106 non
773 2065 912 2117 significentur

57 2122 82 2162 ad
97 2122 192 2161 inlectam
207 2121 312 2161 materiam
326 2122 433 2173 pertinere.
464 2122 639 2175 Respondebimus
659 2123 705 2162 huic
721 2135 800 2175 quoqne
817 2123 911 2175 scrupulo

58 2178 132 2230 (pergit
146 2178 289 2227 Tertullianus)
310 2178 413 2230 Scriptura
433 2178 498 2219 divina
514 2180 563 2219 satis
579 2179 697 2227 dissereret,
721 2180 739 2219 si
753 2191 841 2220 summas
856 2180 911 2232 ipsas

57 2247 125 2275 rerum
140 2248 151 2275 a
165 2235 206 2274 Deo
222 2235 286 2274 lactas
302 2235 472 2281 commendasset,
496 2235 573 2275 caelum
591 2241 611 2275 et
627 2243 709 2283 terram,
729 2235 827 2275 babentes
842 2236 912 2287 utique

58 2298 165 2343 suggestus
180 2303 228 2330 suos
244 2290 349 2342 proprios,
365 2290 398 2342 qui
414 2291 435 2330 in
450 2291 501 2342 ipsis
516 2291 605 2331 summis
615 2291 698 2343 intelligi
714 2299 805 2344 possent.
835 2292 912 2343 Sugge-

58 2353 100 2388 stus
116 2353 182 2388 autern
198 2347 248 2387 caeli
268 2352 288 2387 et
302 2351 368 2387 terrae
383 2346 449 2398 primo
466 2352 512 2387 tunc
526 2348 601 2387 luerint
617 2348 720 2396 tenebrae,
741 2353 761 2388 et
775 2348 869 2400 abyssus,
893 2356 913 2389 et

58 2404 148 2457 spiritns
165 2409 185 2444 et
200 2416 320 2456 aquae
336 2404 361 2443 Et
375 2403 403 2443 ita
418 2416 491 2443 nortun
506 2416 547 2444 non
563 2408 599 2452 est,
614 2409 637 2445 ut
651 2405 671 2444 id
687 2405 762 2453 solum,
778 2405 831 2457 quod
848 2405 912 2445 conti-

58 2466 97 2508 net,
114 2461 234 2507 nominetur,
252 2473 290 2512 qua
306 2460 415 2500 summale:
431 2459 451 2499 in
466 2460 505 2499 isto
521 2465 586 2500 auten]
601 2460 729 2512 intelligatur,
745 2467 764 2502 et
779 2462 832 2513 quod
848 2462 912 2502 conti-

58 2522 122 2565 netur,
139 2530 176 2570 qua
191 2517 325 2569 portionale.“
355 2517 383 2556 Er
399 2516 471 2567 quibus
486 2516 581 2568 colligere
596 2523 635 2564 est,
651 2518 795 2558 Tertullianum
809 2518 912 2571 putavisse

58 2578 89 2613 sat
109 2587 154 2613 esse
174 2586 251 2613 summa
274 2586 298 2612 ac
319 2585 386 2612 rerum
407 2572 471 2624 capit-a
486 2573 600 2622 nominare,
623 2579 645 2613 nt
659 2574 795 2625 intelligantur
810 2576 913 2615 nominata

58 2630 92 2669 illa
112 2630 189 2678 onnria,
211 2642 321 2681 quaecum
338 2630 363 2669 iis
379 2636 426 2669 sunt
441 2629 559 2669 arctissimis
574 2630 658 2670 vinculis
674 2632 777 2682 colligata:
798 2644 849 2684 equae
864 2643 913 2671 sarto

59 2692 155 2738 quantum
171 2687 195 2725 ad
211 2686 288 2726 axioma
303 2691 395 2726 nostrum
410 2685 488 2725 valcant
503 2685 648 2735 roborandum,
664 2701 699 2728 eos
715 2700 785 2728 omncs
801 2688 913 2739 intelligere

59 2743 151 2789 arbitror,
169 2756 253 2795 qnorum
269 2743 350 2782 auribus
367 2742 480 2781 disserendi
496 2754 528 2781 ars
542 2755 593 2783 nova
608 2756 649 2783 non
665 2744 744 2785 accidit.
950 2742 952 2745 ⁴

115 2799 223 2839 Praeterea
238 2799 332 2840 adversus
341 2799 427 2838 ludaeos
443 2798 531 2839 ostendit
541 2800 656 2842 acutissime
666 2801 800 2841 Tertullianus
806 2798 822 2852 4)
831 2813 913 2854 praece-

60 2860 94 2907 pta
106 2856 172 2895 onmia
188 2868 233 2895 cum
248 2857 270 2896 V.
286 2863 327 2896 trun
334 2856 358 2895 N.
367 2856 391 2896 T.
406 2855 446 2901 lata
461 2855 530 2904 tuisse,
547 2869 607 2908 quum
621 2858 686 2908 legem
701 2858 816 2910 illamDeus
832 2858 914 2910 scripsit

61 2912 82 2951 in
98 2912 191 2952 cordibus
207 2913 289 2961 nostris,
306 2926 345 2965 qua
359 2925 427 2954 ornare
441 2912 503 2952 Deum
520 2925 580 2965 super
595 2914 671 2963 omnia,
686 2915 799 2968 proximum
813 2927 871 2964 vero,
890 2926 914 2955 ac

64 2996 265 3004 ----—..——....

110 3035 233 3076 'llluFragm
280 3036 444 3080 atcenesmpe.
492 3036 587 3079 distulit.
634 3039 651 3079 l)
664 3040 703 3082 Cap.
717 3040 743 3072 lb.
757 3041 783 3073 ll.
797 3040 822 3072 13.
