1936 3304
285 181 310 208 aa
326 180 427 209 artronum
442 180 516 209 Lucrati
532 178 649 207 EPISCOPUM.
782 209 783 215 ,
856 170 893 211 5Ῑῖ

44 284 117 325 tionem
133 280 238 321 retineant.
267 276 292 321 Ut
307 281 325 321 si
340 282 384 334 qais
400 294 440 322 non
456 282 536 335 baptiza
552 280 639 328 diceret,
655 279 689 320 sed
706 280 775 330 abluo,
792 283 826 323 sed
843 285 897 336 trago

44 349 62 382 tc
77 342 98 379 111
113 337 267 378 rrarrttrtePutrt's
279 345 316 378 ete.
333 339 400 391 ntique
415 339 532 391 baptizaret,
549 337 594 391 qnia
611 348 661 377 sano
677 336 816 389 discreparent
829 341 896 388 verba,

44 393 191 446 significatione
211 407 258 434 vero
280 395 416 435 cerrvenirent.
451 396 509 443 erad
529 395 546 435 si
561 394 634 434 variari
649 393 715 445 quoad
730 394 897 445 significationem

44 455 127 494 sormam
143 450 163 489 in
179 451 279 502 baptismo
294 464 355 503 posse
370 452 424 491 nullo
440 453 506 495 modo.
523 457 628 504 putamus;
644 463 680 490 cur
695 462 734 489 non
747 450 799 491 idem
808 453 897 493 dicemus

44 510 68 550 de
83 505 218 548 eucharistia?
247 508 296 547 Nam
310 507 371 548 verba
386 508 419 547 illa
435 508 459 548 H.
474 509 496 548 E.
506 509 560 548 C.hl.
576 513 630 548 certe
645 520 686 546 nan
701 507 776 547 trustra
791 520 802 547 a
818 509 896 549 Christo

45 567 99 606 luere
114 564 203 616 prolata:
220 564 255 604 sed
271 564 288 603 si
296 564 386 604 Christus
402 564 442 603 illis
457 564 539 605 minime
555 564 721 612 cansecrarisset,
737 565 773 605 scd
788 564 898 605 henedicti-

45 635 82 662 one
105 627 125 660 et
142 620 249 672 precihus,
273 632 332 671 qaum
347 621 424 661 isthaec
439 621 494 672 prius
511 622 584 661 luerint
599 621 622 661 ab
639 634 662 660 eo
678 621 741 669 sacta,
765 633 823 674 qaam
838 621 898 661 verba

44 679 78 719 illa
92 677 204 729 protulerit,
219 677 279 716 verha
294 677 375 729 inquam
390 678 424 716 illa
439 678 463 717 ll.
479 678 501 717 E.
518 678 540 718 G.
556 678 582 718 hl.
597 691 638 718 non
652 678 745 724 luissent,
760 678 899 718 utlmtherani

44 736 158 786 loquuntur,
174 732 297 774 entrnciativa
313 734 343 774 rei
357 734 397 773 iam
411 734 482 774 laetae.
511 734 564 786 Erga
580 747 620 774 nan
632 735 759 787 porrigenda
771 735 898 775 benedictum

44 803 116 845 panem
133 803 206 842 corpus
221 802 279 829 suum
295 790 401 838 effecisset,
418 791 529 830 utPlal'lius
544 791 630 842 probare
645 791 720 838 nititur,
737 792 772 831 sed
787 791 843 831 illum
859 791 898 831 iam

46 854 182 888 consecratam
201 847 335 898 praebuisset,
365 847 429 895 Quum
447 846 508 898 igitur
522 848 541 887 in
558 843 898 904 11111111111113111ὲ1ιίκλησις5111-

45 904 95 945 ritus
111 917 127 943 s.
143 904 276 955 subsequatur
290 903 422 955 prelationem
438 904 641 944 illorumrerhorutn:
658 904 774 944 alterutrum
786 899 898 956 consequa-

45 967 77 1001 tur
92 965 177 1012 opertet,
193 965 227 1000 aut
242 973 320 1000 omnem
335 961 434 1011 liturgiam
449 967 602 1012 praeposterum
617 960 691 1000 hahere
707 961 798 1001 ordinem
813 961 834 1001 in
850 974 898 1002 ean-

46 1017 164 1064 secratiane,
181 1030 241 1069 qaum
249 1017 340 1057 Christus
354 1018 410 1069 prins
425 1017 556 1065 benedixerit,
573 1017 686 1068 deindeque
702 1017 780 1057 dederit
794 1018 898 1071 discipulis

46 1074 87 1114 suis
106 1073 176 1113 dicens
192 1074 215 1113 H.
230 1074 253 1113 E.
270 1074 291 1113 C.
306 1074 344 1119 hl,
367 1073 446 1124 liturgia
465 1086 512 1113 raro
533 1073 598 1113 omnis
617 1073 674 1125 prius
689 1073 774 1113 recitare
789 1075 849 1114 verba
865 1075 899 1115 illa

46 1131 69 1170 Η.
84 1131 107 1170 Ε.
123 1130 144 1169 h,
159 1130 185 1170 hl.
200 1130 272 1170 deinde
290 1130 383 1169 inuocare
401 1129 498 1181 Spiritum
519 1142 535 1168 s.
554 1129 652 1169 insinuet:
673 1135 706 1169 aut
726 1131 900 1170 consecrationem

46 1199 86 1227 non
101 1186 144 1226 fieri
160 1186 286 1226 invocatione
301 1187 388 1238 Spiritus
404 1199 427 1232 s.,
443 1186 479 1225 sed
494 1186 561 1237 potius
576 1185 695 1225 certissimis
709 1186 776 1225 verbis
791 1186 832 1226 illis
844 1187 900 1227 H.E.

48 1244 68 1283 C.
85 1243 110 1283 hl.
139 1242 169 1282 Ad
185 1243 238 1295 quad
254 1255 302 1282 sane
317 1242 463 1282 ostendendam
478 1254 522 1282 cum
539 1241 656 1289 constantia,
672 1248 713 1281 tum
725 1242 900 1284 etianrconcardia

47 1300 136 1347 illarum,
156 1300 190 1351 qui
208 1299 268 1339 verba
287 1299 336 1339 haec
350 1300 471 1346 retulerunt,
490 1298 576 1338 araximc
591 1299 658 1339 facere
673 1311 740 1350 passe,
757 1299 899 1341 existimamus

46 1355 184 1407 Evarrgelistac
199 1356 298 1407 siquidem
313 1355 459 1396 institutionem
467 1354 599 1395 errcharistiae
607 1361 792 1403 carnrnemarantes,
808 1362 900 1409 repetere

46 1412 106 1452 rerba
122 1412 155 1451 illa
171 1425 211 1452 non
227 1414 319 1452 amisere.
348 1412 458 1452 Matthaeus
474 1412 547 1452 etenim
562 1410 611 1461 ait¹J
627 1411 773 1459 „coenantihus
789 1418 853 1453 autem
869 1414 900 1453 eis

48 1469 125 1522 accepit
139 1470 196 1509 Iesus
211 1482 289 1520 pamm,
306 1474 325 1508 et
339 1468 448 1515 benedixit,
465 1481 488 1508 ac
503 1468 568 1517 fregit,
585 1468 679 1519 deditque
695 1467 800 1520 discipulis
815 1471 864 1517 suis,
881 1475 901 1510 et

48 1526 80 1573 ait,
96 1525 187 1578 accipite,
203 1531 222 1564 et
237 1525 336 1565 comedite
352 1525 375 1564 H.
391 1525 413 1564 E.
422 1525 443 1565 C.
452 1525 478 1564 hl.
507 1524 532 1563 Et
547 1524 649 1576 accipiens
664 1525 747 1564 calicem
763 1525 836 1576 gratias
852 1526 899 1577 egit,

49 1587 69 1622 et
83 1582 139 1622 dedit
153 1582 193 1622 illis
209 1582 279 1622 dicens
293 1582 317 1620 H.
332 1582 355 1621 E.
370 1582 393 1620 tt.
409 1581 430 1620 S.
444 1582 470 1620 hl.
485 1581 509 1620 N.
525 1581 548 1620 T.
568 1581 601 1631 qui
616 1593 653 1632 pro
669 1581 736 1620 multis
752 1583 865 1622 effundetur
879 1583 900 1622 in

48 1638 187 1679 remissionem
203 1641 353 1690 [reecatomnaf‘
381 1638 460 1677 hlarcus
476 1649 522 1677 vero
538 1637 557 1676 id
573 1637 788 1677 lermeiisdemverhis
798 1638 900 1687 describit,

49 1696 75 1734 ait
89 1694 210 1747 rratnqtrc²):
230 1694 409 1743 „blandncantihus
425 1694 465 1733 illis
482 1694 560 1745 accepit
577 1693 634 1733 Iesus
649 1706 728 1745 panem,
745 1701 764 1733 at
778 1694 901 1735 benedicens

49 1751 117 1803 fregit,
144 1756 162 1791 el
177 1751 231 1791 dedit
246 1751 283 1798 eis,
299 1758 319 1790 et
333 1751 370 1791 ait:
397 1751 473 1790 Sumite
489 1750 512 1789 H.
528 1751 551 1789 11.
567 1750 630 1797 011,
646 1755 666 1789 et
681 1756 764 1801 accepto
780 1751 842 1792 calice
858 1763 902 1802 gra-

48 1808 86 1848 tias
101 1820 163 1860 agens
179 1808 234 1848 dedit
248 1808 284 1855 ets,
301 1812 321 1847 et
334 1807 429 1847 biberunt
444 1820 467 1846 ex
482 1806 516 1846 illo
533 1818 609 1852 omnes,
625 1810 645 1846 et
660 1807 687 1846 ait
701 1806 741 1846 illis
753 1807 777 1847 H.
785 1807 808 1847 E.
818 1808 838 1848 S.
846 1808 869 1848 N.
879 1809 902 1848 Τ.

50 1864 83 1916 qui
101 1873 147 1916 pro
157 1864 226 1904 multis
242 1864 355 1905 attundetur
370 1867 423 1903 etc.“
454 1863 518 1910 Quem
533 1863 554 1902 in
569 1868 644 1902 textum
660 1863 716 1902 aiunt
730 1863 851 1915 interpretes
866 1865 902 1904 do-

50 1920 140 1968 ctissimi,
157 1934 198 1960 nan
212 1921 300 1961 valuisse
315 1920 399 1960 innuere
413 1919 507 1966 hiarcam,
522 1918 582 1958 rerba
597 1919 630 1957 illa
645 1919 669 1957 H.
684 1919 706 1958 E.
723 1919 744 1958 S.
759 1920 783 1959 N.
800 1920 822 1959 T.
838 1920 901 1961 luisse

51 1978 148 2018 aChristo
163 1977 241 2030 prolata
255 1982 362 2029 postquam
376 1976 469 2015 biberant
483 1975 583 2026 discipuli,
599 1974 645 2026 quia
660 1975 699 2014 hac
714 1976 774 2015 modo
789 1988 902 2027 pronomen

52 2033 82 2073 la'a
97 2034 204 2081 amisisset,
220 2033 381 2085 quandoquidem
390 2030 566 2071 demonstrativam
576 2043 635 2082 quum
644 2030 675 2077 sit,
693 2031 794 2081 signiticat
802 2032 902 2073 Christum

52 2091 108 2141 quasi
124 2090 185 2141 digito
201 2089 301 2129 indicasse
317 2088 435 2139 sanguinem
450 2100 507 2127 suum
523 2092 633 2126 exstantem
648 2087 713 2127 adhuc
728 2093 747 2127 et
762 2089 901 2130 manifestum:

51 2147 86 2185 sed
100 2147 190 2199 prolepsi
206 2147 291 2198 quadam
307 2150 326 2185 et
341 2144 483 2197 anticipatione
498 2156 546 2197 usus
562 2149 602 2190 est,
624 2147 646 2183 ut
661 2143 785 2194 significaret
799 2147 902 2197 apostolas

53 2203 124 2243 Christi
144 2203 201 2243 iussu
219 2202 334 2255 implevisse
353 2202 421 2241 statim
436 2213 459 2240 ac
474 2200 551 2240 dixerat
565 2200 629 2240 aratu
644 2212 669 2239 ea
684 2213 706 2240 eo
722 2212 796 2241 ornatas.
826 2201 866 2241 Sed
881 2209 903 2242 ut

52 2271 75 2297 eo
90 2260 196 2300 redeamus
211 2261 264 2300 uitale
279 2258 387 2311 paullulum
403 2257 483 2297 deflexit
498 2257 569 2296 oratio.
599 2257 664 2296 Lucas
679 2256 726 2296 item
734 2255 754 2307 ³)
766 2262 805 2305 „et
819 2263 902 2310 accepta

51 2327 108 2366 piane,
124 2316 195 2369 inquit,
211 2316 284 2367 gratias
300 2315 346 2367 egit,
362 2314 461 2365 etfregit,
477 2318 497 2354 et
511 2313 566 2353 dedit
580 2313 609 2352 eis
625 2312 833 2354 diuersarum.
849 2316 903 2366 qtrod

52 2383 88 2422 pra
110 2372 168 2413 vobis
187 2373 255 2420 datur,
276 2372 316 2411 hoc
334 2371 393 2412 tacite
409 2371 429 2410 in
444 2383 509 2410 meam
524 2369 741 2410 conrmemorationem.
771 2369 869 2410 Similiter
884 2377 904 2411 et

54 2428 134 2469 calicem
149 2435 256 2481 postquam
271 2428 361 2468 caenavit
376 2428 444 2467 dicens
459 2427 483 2467 H.
499 2426 521 2466 E.
538 2426 559 2466 C.
574 2426 597 2466 N.
613 2426 635 2465 Τ,
651 2424 671 2464 in
687 2425 783 2476 sanguine
797 2439 853 2475 meo,
869 2428 903 2479 qui

53 2485 161 2534 provehis
177 2486 271 2526 fundetur
286 2489 338 2525 etc.“
368 2483 445 2524 Similia
462 2483 543 2522 omnino
559 2487 615 2528 sunt,
636 2493 685 2532 quae
701 2482 721 2520 in
736 2482 776 2522 hac
790 2482 857 2534 ipsum
872 2497 904 2523 ar-

54 2547 166 2590 gumentum
182 2542 343 2594 scripsitPaulus
358 2540 505 2581 adCorinthios
521 2539 541 2578 in
555 2539 605 2577 haec
619 2537 678 2577 verba
686 2535 713 2588 4);
729 2539 784 2589 „Ego
801 2540 855 2580 enim
871 2553 904 2580 ac·

54 2598 98 2649 cepi
118 2598 238 2647 allamma,
258 2599 311 2651 (quad
331 2602 351 2638 et
367 2595 442 2636 tradidi
459 2595 517 2635 robis
536 2594 629 2646 quoniam
645 2594 741 2633 Dominus
758 2596 813 2635 lesus
828 2596 850 2636 in
866 2610 906 2649 qua

54 2660 113 2694 nocte
129 2655 249 2702 tradebatur,
266 2654 344 2706 accepit
357 2665 440 2705 panem,
456 2658 476 2692 et
491 2651 563 2701 gratias
579 2661 640 2699 agens
655 2650 757 2701 frugiter
772 2651 831 2693 dixit:
847 2654 905 2694 Acci-

54 2708 96 2759 pite
111 2718 131 2750 et
144 2711 263 2751 manducate
278 2711 302 2750 H.
318 2711 340 2750 E.
356 2710 377 2749 C.
392 2709 417 2748 hl.
438 2708 490 2760 qaod
505 2720 542 2758 pra
557 2706 613 2746 vohis
628 2706 730 2748 tradetur:
750 2707 794 2748 Hoc
808 2709 869 2750 facite
885 2711 906 2750 in

55 2776 119 2806 meam
134 2767 351 2807 commemorationem.
380 2764 476 2805 Similiter
491 2770 511 2802 et
521 2763 602 2802 calicem
611 2767 717 2814 postquam
726 2765 905 2807 caenavitdicenst

55 2820 93 2874 Hic
108 2823 162 2865 cult'aa
176 2823 255 2864 Nantua
271 2823 417 2863 Testamentum
432 2827 461 2860 est
475 2822 497 2858 la
510 2832 553 2859 arceo
568 2821 670 2870 saaprn'ue,
686 2819 725 2859 hoc
740 2821 800 2861 facite
816 2823 906 2874 quoties

56 2888 133 2931 cunque
150 2880 224 2920 bibetis
245 2880 266 2919 in
284 2890 349 2919 meam
364 2875 573 2917 conmremaratianem
588 2878 640 2914 etc.“
670 2875 758 2929 hpparet
772 2883 839 2919 autem
852 2879 905 2920 hane

102 3001 183 3039 1111111111.
196 3011 209 3034 c.
222 3000 248 3034 26,
296 2997 438 3034 transacta.
485 2996 613 3036 3111111122.
659 2998 905 3043 tlhtharinth.l.cap.1l.
