1936 3304
346 171 371 200 nr
387 172 524 200 crosmcouuu
539 173 609 200 uanus.
863 159 903 200 ldl

52 285 98 313 vera
113 270 221 311 absurdum
236 275 274 312 est.
288 272 314 312 Et
328 272 375 314 binc
391 287 414 314 ex
428 268 576 314 baereticorum
584 272 690 325 hypothesi
700 272 736 312 tria
752 272 802 313 baec
817 272 904 313 absurda

52 327 167 370 necessario
183 329 280 380 consequi
296 330 419 371 demonstrat
434 336 476 370 toto
493 344 536 383 cap.
553 330 586 371 is.
615 329 694 377 Primo,
715 329 769 381 quod
788 329 903 370 norninibus

52 385 118 433 abusi,
140 384 236 425 emissum
251 385 272 426 id
287 386 387 433 dicerent,
407 387 461 439 quod
474 400 500 428 ne
516 387 597 440 quidem
612 387 633 427 in
648 386 764 427 hominibus
779 385 840 438 ipsis,
856 386 904 427 licet

52 441 175 493 cornpositis
192 442 254 482 emitti
270 449 344 495 potest.
374 440 405 483 2⁰.
421 444 480 491 Quod
494 445 539 484 Nun
555 443 579 484 ab
594 444 744 484 EnnoiaPatris
760 443 857 484 emissum
872 443 902 483 di-

52 503 119 539 centes
135 504 155 538 et
169 512 180 538 a
194 498 225 539 Nu
240 500 320 550 Logon:
337 501 439 541 iterninnne
453 500 544 553 ipsorum
559 501 674 553 affectiones
690 509 709 542 et
722 502 828 553 passiones
844 503 903 540 etin-

52 557 148 597 tenn'enes
163 559 244 604 attentis,
265 557 311 597 [luni
331 557 447 609 cogitat-ae
465 570 534 597 secum
549 557 594 609 ipsa
608 557 707 610 loquitur,
731 557 866 598 describerent
885 566 903 597 et

51 611 176 664 eppb'corent
191 617 278 653 ennnitnt
290 613 356 654 Petri.
375 614 401 654 ln
416 614 528 655 ltorrer’nt'bns
547 614 647 666 siquidem
663 618 777 667 eorrqresr'n's
792 621 869 654 renteera
884 621 903 654 et

52 681 76 709 en
92 680 176 720 corpere
191 677 209 710 et
223 673 290 709 ortium
306 672 467 717 subsistentibus,
485 675 538 723 capnt
553 672 597 718 dr‘ct',
613 684 624 711 a
639 672 670 711 Nu
685 684 767 712 sensum
781 670 871 722 generari
882 676 902 710 et

50 725 142 766 Ennoiau
157 732 176 765 et
190 726 332 778 Enthymesin:
349 740 400 779 quae
416 727 497 779 quidem
512 728 585 775 omnia,
602 741 662 780 quma
677 732 698 769 in
715 732 901 780 coprer'tionerneou-

51 785 184 823 terminentur
199 788 218 823 et
233 787 254 823 in
269 785 351 825 verbane
365 784 438 825 mentis
455 788 601 832 cee'ratnanrur,
618 798 629 825 a
643 785 673 825 Nu
690 785 797 825 secundine
810 784 901 837 appelle-

50 842 122 880 tt'onetn
137 839 249 886 dilatrabat,
262 845 445 893 perseuerantiam,
461 849 588 894 eratqrnentann
603 846 622 882 01
637 842 797 890 successionem,
813 854 853 880 nou
869 854 900 881 se-

50 895 136 936 cundum
150 908 193 936 rem
208 896 313 938 differunt:
329 898 379 939 baec
393 898 446 939 enim
462 899 529 939 oriinia
543 899 632 951 pendent
647 912 658 940 a
672 900 709 947 Nu,
726 900 760 951 qui
772 912 795 939 ea
802 899 902 950 pubernat

50 960 68 994 et
82 966 94 993 e
109 956 213 1005 semetipse
227 966 266 1005 per
281 967 303 995 ee
318 968 367 1007 qnae
379 956 485 1008 praedicta
504 964 564 1003 saint,
588 959 641 996 saun
659 969 699 1009 per
719 957 809 1003 ruitaria,
830 958 901 995 errriltr't

50 1011 137 1050 aerbnrn.
166 1010 203 1050 Ast
217 1010 265 1058 Deo,
282 1011 315 1063 qui
331 1017 385 1052 totus
401 1012 485 1064 simplex
501 1018 541 1060 est,
558 1017 611 1052 toties
627 1013 665 1053 sibi
681 1012 753 1053 similis
769 1018 789 1053 et
803 1012 899 1063 aequalis,

51 1071 104 1107 totus
118 1079 197 1114 sensus,
212 1071 267 1107 totus
283 1068 379 1120 spiritus,
396 1073 450 1109 totus
466 1069 561 1120 cogitatio
578 1075 597 1109 et
611 1070 670 1117 ratio,
685 1070 736 1109 nibil
751 1069 817 1109 simile
832 1068 900 1120 affingi

52 1127 131 1176 potest,
154 1123 195 1163 nisi
214 1125 339 1177 compositus
358 1139 381 1166 ae
395 1126 502 1165 mutationi
521 1125 620 1166 obnoxius
639 1126 724 1167 dicatur.
754 1123 784 1166 3⁰.
807 1125 900 1177 denique,

52 1182 115 1221 Deum
130 1193 141 1220 a
155 1180 196 1221 Deo
212 1183 302 1233 separari
317 1188 337 1222 et
351 1182 373 1222 in
389 1195 412 1222 eo
428 1182 482 1222 aliud
499 1187 519 1223 et
534 1182 588 1222 aliud
603 1183 697 1235 supponi.
718 1184 784 1231 Quum
799 1182 900 1222 enituNus

54 1238 74 1278 in
88 1236 139 1289 ipsis
153 1237 269 1278 hominibus
284 1238 310 1278 sit
325 1239 373 1292 quid
388 1238 474 1290 primum
490 1244 510 1279 et
524 1239 649 1292 principale,
672 1253 683 1280 a
698 1252 737 1291 cliro
753 1245 820 1280 cetera
835 1240 901 1278 omnia

51 1294 140 1347 pendent
155 1301 174 1334 et
188 1294 314 1345 emittuntur3
330 1295 394 1336 emitti
408 1308 450 1336 iren
464 1301 537 1348 potest,
553 1297 593 1336 nisi
609 1296 662 1337 aliud
672 1296 775 1349 quidpiam
784 1301 804 1336 et
812 1296 901 1337 anterius

52 1355 72 1392 et
86 1351 179 1403 superius
191 1357 321 1404 supponatur,
338 1366 348 1393 a
361 1365 399 1405 quo
408 1353 520 1401 emittatur3
536 1353 589 1404 quod
600 1353 681 1405 quidem
689 1353 846 1393 sinemanilesta
854 1365 901 1392 con-

51 1407 176 1458 tradictione,
192 1421 217 1449 ne
225 1409 305 1462 quidem
312 1410 334 1449 in
341 1409 456 1449 hominibus
463 1410 515 1462 ipsis
523 1410 583 1450 statui
591 1415 664 1462 potest.
695 1410 791 1463 Quisquis
799 1422 846 1461 ergo
858 1410 901 1456 llei,

52 1465 107 1505 cuius
122 1470 237 1515 naturaest‚
253 1471 274 1505 ut
286 1467 313 1506 sit
320 1471 374 1507 totus
381 1466 423 1506 Nus
431 1479 467 1506 seu
473 1467 536 1515 blens,
550 1466 596 1507 Nun
604 1467 666 1507 emitti
676 1467 739 1518 tingit,
755 1466 858 1519 quidpiam
865 1466 901 1507 Dei

50 1526 123 1571 inante,
138 1534 162 1562 ac
175 1523 308 1575 proindelleo
318 1523 362 1576 ipso
370 1523 560 1576 priusetsuperius,
574 1536 632 1576 aquo
641 1524 747 1572 emittatur,
760 1523 866 1576 supponit,
879 1536 903 1563 ac

51 1580 267 1631 consequenterlleum
283 1581 342 1620 aneo
358 1586 438 1632 separat
452 1585 472 1620 et
484 1580 541 1632 quasi
552 1580 607 1621 attiae
615 1582 638 1621 eb
651 1581 691 1620 aba
701 1584 764 1621 enritn'
770 1580 902 1632 blasphemat.

109 1635 142 1676 58.
164 1636 193 1676 De
209 1636 294 1688 reliquis
308 1637 421 1683 leonibus,
437 1637 499 1688 tago,
514 1637 625 1689 Antlnopo,
640 1637 711 1689 Bytbio
727 1642 747 1676 et
763 1638 845 1684 ceteris,
861 1650 903 1676 non

51 1692 104 1733 idem
113 1692 162 1733 ferri
176 1706 238 1745 posse
252 1693 348 1734 iudicium
363 1699 438 1745 putem.
469 1693 543 1733 Omnes
559 1693 649 1734 eiusdem
665 1693 786 1734 corrditionis
795 1693 902 1738 exstitisse,

51 1749 143 1790 omnibus
157 1749 247 1801 ignotum
263 1756 283 1790 et
297 1750 417 1791 invisibilem
432 1749 496 1791 fuisse
511 1762 626 1802 supremum
637 1751 724 1799 Patrem,
740 1763 809 1791 omnes
825 1750 902 1803 crepidi-

51 1819 97 1847 nem
110 1806 265 1847 aidendiPatris
280 1807 396 1855 incessisse,
413 1819 483 1847 omues
498 1806 622 1858 ignorantiae
637 1807 681 1847 labe
692 1807 809 1856 maculatos,
826 1820 901 1855 omnes,

51 1863 182 1904 novissimum
197 1864 322 1916 praesertim,
337 1864 398 1904 trariis
412 1863 586 1916 perturbationum
601 1864 690 1904 aestibus
706 1864 811 1912 obnoxios,
826 1864 903 1916 passini

51 1926 136 1960 testatur
150 1921 250 1961 irenaeus.
282 1921 338 1961 Certe
353 1921 424 1972 Logon
442 1920 508 1972 ipsum
528 1934 539 1961 a
558 1921 658 1961 eornnruni
675 1926 787 1961 ceterorum
801 1920 849 1961 vitio
866 1921 903 1961 im-

50 1989 131 2023 munem
144 1990 185 2017 non
200 1977 270 2026 fuisse,
287 1986 306 2018 et
320 1978 409 2026 Patrem,
428 1977 513 2029 perinde
528 1985 587 2030 atque
603 1977 663 2025 alios,
683 1977 798 2027 ignorasse,
817 1978 903 2030 utquid

52 2039 127 2074 certum
143 2047 166 2074 ex
179 2034 327 2075 baereticorum
342 2034 442 2074 sententia
457 2034 554 2086 supponit
568 2047 585 2074 s.
601 2035 677 2080 doctor,
693 2034 765 2074 nh.11.
782 2047 825 2086 cap.
842 2034 867 2075 13
884 2043 904 2075 et

52 2090 85 2131 lb.
99 2096 122 2131 ut
134 2091 182 2131 bine
195 2091 332 2143 blasphemias
347 2104 416 2131 eorum
431 2092 530 2131 retundat.
561 2090 636 2131 Omnes
650 2091 737 2143 proinde
751 2097 822 2131 nutrire
833 2091 903 2131 inieri-

51 2161 96 2188 ores
112 2148 175 2188 luisse
189 2148 259 2196 Patre,
279 2153 298 2187 et
317 2147 340 2188 ab
357 2161 380 2189 eo
395 2148 441 2201 plus
455 2161 514 2200 [quam
528 2148 632 2200 bqpostusi
648 2152 681 2188 aut
695 2148 774 2188 ratione
789 2148 902 2196 distinctos,

52 2204 135 2256 quilibet
150 2205 269 2245 confiteatur
283 2218 367 2245 necesse
382 2210 419 2245 est.
449 2204 564 2252 Quemlibet
579 2204 632 2244 enim
647 2204 686 2244 sibi
697 2205 761 2245 Deum
775 2205 856 2245 finxerit
866 2206 902 2245 lla-

50 2261 145 2310 teatinus,
162 2261 271 2315 quamlibet
284 2262 360 2310 rudem,
377 2267 402 2310 et,
417 2267 440 2301 ut
450 2261 476 2301 ita
485 2261 556 2309 dicam,
573 2266 687 2301 concretam
696 2261 739 2302 eius
749 2261 902 2313 intelligentiam

50 2318 116 2358 animo
133 2319 259 2371 conceperit,
274 2325 396 2359 nontamen
411 2319 462 2359 adeo
476 2317 591 2370 plumbeum
607 2318 715 2366 exstitisse,
731 2323 750 2358 et
764 2323 805 2358 tam
815 2319 902 2359 enormi·
935 2346 937 2349 ψ

51 2380 82 2415 ter
96 2375 210 2427 desipuisse
225 2376 310 2424 credam,
326 2380 348 2415 ut
364 2389 414 2427 quos
423 2376 509 2422 Aeones,
524 2388 622 2427 personas
638 2380 671 2415 aut
679 2375 814 2426 perfectiones
824 2375 901 2416 dininas

51 2443 96 2472 esse
110 2431 213 2480 voluisset,
232 2431 357 2483 ignorantiae
373 2436 393 2471 et
406 2431 591 2483 perturbationibus
607 2431 704 2471 olriroxios
721 2431 809 2470 dixisset.
839 2432 901 2472 Natu-

50 2488 98 2528 ralis
113 2488 211 2541 siquidem
230 2493 289 2540 atque
304 2488 364 2528 insita
382 2487 404 2527 in
418 2488 507 2527 omnium
522 2487 594 2528 animis
609 2487 645 2526 Dei
659 2487 715 2527 notio
730 2487 839 2539 unicuique
855 2501 901 2541 sug-

50 2545 106 2596 gerit,
121 2545 143 2585 id
158 2557 216 2586 omne
232 2545 284 2598 [parad
300 2549 334 2585 aaa
347 2556 435 2597 persona
450 2549 483 2583 ant
493 2544 591 2596 perfectio
600 2543 667 2584 divina
677 2548 714 2591 est,
729 2543 831 2584 infinitum
840 2557 902 2597 quum

50 2601 82 2651 sit,
98 2601 185 2643 diuinum
201 2601 284 2643 eeDeus
299 2602 349 2654 ipse,
365 2613 445 2641 omnem
458 2600 589 2652 ignorantiae,
604 2600 761 2652 perturbationis
777 2607 811 2641 aut
825 2602 899 2654 imper-

49 2658 143 2699 fectionis
157 2658 248 2699 umbram
261 2658 332 2712 procul
347 2671 358 2698 a
373 2671 394 2698 se
409 2657 508 2710 ablegare.
537 2657 562 2697 Et
576 2662 642 2697 tamen
649 2657 720 2708 logon
735 2657 825 2710 aliosque
841 2671 899 2699 exeo

50 2722 158 2767 prognatos
166 2717 244 2756 Aeones
259 2729 316 2756 veras
331 2727 429 2768 personas
445 2727 496 2763 esse,
511 2727 552 2754 non
567 2713 669 2765 simplices
679 2713 773 2754 duntaxat
782 2715 899 2756 affectiones

51 2777 84 2812 aut
98 2772 237 2826 proprietates
253 2772 401 2813 contendebant
415 2770 555 2812 Valentiniani.
584 2771 607 2811 ld
622 2770 704 2818 invicte,
724 2771 746 2811 ni
760 2771 829 2819 fallor,
850 2785 898 2812 eon-

50 2828 136 2869 eluditur
154 2843 177 2870 ex
197 2829 310 2870 actionibus
330 2837 350 2869 et
360 2830 502 2882 passionibus,
522 2840 570 2880 quas
586 2827 615 2867 eis
631 2827 782 2876 adscribebant,
803 2828 898 2880 cupidine

49 2882 129 2926 videndi
143 2887 215 2935 Patris,
231 2885 364 2939 exquisitione
378 2886 450 2933 Patris,
469 2885 581 2936 ignorantia
596 2889 616 2924 et
630 2884 826 2937 perturbationibns;
847 2899 897 2938 quae

49 2943 130 2983 nonnisi
144 2943 238 2996 personis
253 2943 360 2983 convenire
376 2944 434 2983 etde
449 2942 474 2983 iis
490 2942 530 2983 dici
544 2948 636 2993 possunt.
665 2942 780 2994 Eodemque
790 2943 850 2982 modo
866 2942 896 2983 iu-

49 2997 155 3042 dicandum
168 3000 247 3043 uidetur
261 3000 354 3052 deLogo,
370 3000 472 3053 lntluopo
487 3004 524 3040 eto.
540 3003 599 3053 atque
614 2998 638 3040 de
647 2998 708 3047 Horo,
723 2999 802 3040 Clnisto
819 3004 838 3040 et
850 3000 896 3052 Spi-
