1936 3304
263 188 287 215 AD
303 186 403 215 turonium
419 185 491 214 LUGlUlll
506 183 625 213 mistorum.
834 175 875 215 523

23 293 54 346 ptr
67 299 129 329 utrum
144 288 211 328 soucu·
221 290 282 340 putris
294 294 382 340 purtem.
411 288 438 328 Et
451 292 499 340 post
513 285 636 327 infusionem
647 285 825 337 aquaetcrvontis:
841 299 876 327 su-

27 346 97 389 centos
112 352 181 385 tenens
196 351 385 396 corrumperem
402 350 422 384 et
436 350 542 397 postquam
558 342 614 384 dedit
629 347 774 382 sacramentnm
789 343 875 384 diacono

26 402 131 445 sacerdos:
151 403 224 453 occipit
242 408 335 442 sunctum
350 414 430 453 partem.
462 402 517 449 Quae
537 399 605 440 omnia
620 403 667 439 sunt
682 398 815 451 dicunturque
829 406 877 453 post

27 456 198 500 consecrationem
213 457 346 497 certissimam
362 456 494 498 Cabasilianis
510 457 573 510 ipsis3
595 460 616 496 ut
631 455 692 507 plane
707 453 826 506 decipiatur,
842 457 876 508 qui

28 515 80 570 quod
94 513 153 566 panis
168 513 246 554 dicatur
259 527 327 554 verum
344 526 417 566 corpus
433 514 506 554 Christi
521 518 569 565 post
581 513 642 553 verba
658 510 743 559 Christi,
764 524 877 553 sacramen-

27 580 67 613 tum
89 570 178 611 nondum
197 582 242 610 esse
257 571 331 610 lactum
350 570 471 611 existimatu
501 571 556 610 Haec
570 568 706 622 Papadopofi,
728 580 779 620 quae
799 567 817 607 si
831 582 878 609 vera

27 635 83 676 sunt,
104 633 151 666 sunt
166 632 232 666 autern
246 627 362 674 verissima,
382 626 461 667 facilius
477 639 600 678 cognoscere
614 625 698 666 Plasfius
714 624 789 677 polerit
804 630 878 676 quanto

28 687 49 726 in
68 695 135 724 errore
155 687 253 723 versetur.
281 683 377 723 Libenter
395 690 460 723 autem
478 685 511 724 usi
526 696 594 723 sumus
609 682 677 735 potius
694 681 791 723 Comneni
804 681 878 729 verbis,

29 753 87 795 qnam
101 739 183 787 nostris
199 745 241 779 turn
257 739 310 792 quod
326 738 465 780 difficillimum
480 747 573 792 putamus
587 740 626 780 hac
641 739 661 779 in
676 752 699 779 re
713 738 798 778 meliora
809 738 880 779 rimari

27 809 89 852 posse
103 795 207 837 venarive:
224 801 266 836 tum
281 796 340 836 etiam
356 795 402 848 qnia
417 796 512 837 facillime
527 795 665 848 unusquisque
680 795 712 836 vel
726 807 764 847 per
778 807 800 834 se
809 808 832 836 er
846 795 879 835 lris

29 865 151 905 cognoscere
172 852 246 904 poterit
268 852 365 892 aPlalfio
388 865 410 893 ea
430 854 525 894 adversus
547 852 682 893 clarissimum
695 851 797 891 lllalleium
816 851 880 892 luisse

28 909 115 956 effutita,
136 921 186 961 quae
205 908 278 949 abhinc
297 908 354 949 aum's
369 922 434 949 xxxvii
455 909 564 950 nNicolao
576 908 701 962 Papadopoli
716 909 801 948 refutata
816 909 878 957 fuere,

28 966 153 1021 proindeque
173 964 195 1004 in
213 970 316 1018 postrema
334 978 370 1005 sua
389 967 522 1019 responsione
536 966 630 1006 anl'fiurn
649 965 700 1005 nihil
719 964 811 1005 attulisse
826 965 878 1013 nori,

29 1024 64 1064 sed
78 1029 146 1063 vetera
161 1027 276 1073 argumenta
285 1022 457 1062 Cahasilianorum
472 1022 524 1063 levia
539 1022 620 1075 quidem
636 1027 656 1063 et
670 1021 879 1062 lucaturelricarisse

28 1080 80 1121 Vale.
109 1078 134 1119 Et
149 1077 192 1119 vive
207 1078 241 1119 diu
255 1078 315 1119 bonis
330 1078 431 1119 omnihus.
