1936 3304
353 185 378 212 nn
393 186 475 213 innuant
490 186 594 214 nocrnma.
870 169 910 211 301

56 291 79 332 os
95 294 161 328 atatem
175 285 217 326 attis
232 283 335 333 resolutas,
349 299 387 339 por
403 300 452 340 petae
467 288 547 341 ollt'pom'
560 299 640 328 eruamus
655 288 723 327 momt.
755 285 811 333 Ouiae
822 285 910 337 posteri-

55 359 89 388 ora
103 344 169 391 verba,
185 350 204 382 et
218 343 380 394 quemadmodum
395 345 515 386 adstrictum
529 353 560 386 est
573 348 637 385 momt'
646 352 682 387 eto.
698 342 910 395 descripsitelugnsti··

55 416 92 446 nus
106 401 142 441 lib,
157 413 170 438 1.
187 404 240 438 corat.
256 399 326 439 Iulian.
343 414 386 453 cap.
403 402 422 441 3.

112 458 145 497 66.
174 456 229 496 Haec
244 457 295 497 male
310 458 385 498 babent
399 457 542 509 hagiomaclros
559 472 636 499 omnes.
665 457 796 498 Incommode
812 456 909 508 dictapn-

55 511 314 565 tairtllagdeburgensesl).
344 515 380 555 His
395 516 517 567 petulantior
532 515 637 565 Gallasius,
653 515 674 555 in
690 514 732 554 suis
748 515 773 554 ad
785 520 908 566 postremum

55 571 132 615 lrcnaei
146 571 212 610 locum
228 571 398 620 annotationibus,
421 572 442 612 in
456 573 561 613 Irenaeum
575 573 643 625 ipsum
659 577 679 612 et
694 577 772 612 ceteros
787 576 861 623 patres,
878 578 909 610 to-

55 637 134 681 tamque
150 628 256 668 ecclesiam
272 629 390 669 catholicam
405 630 459 669 furit.
488 630 611 671 llloderatior
629 630 654 670 cl.
670 629 755 669 Grabius
770 628 849 668 irenaei
865 628 909 680 qui-

56 690 99 729 dem
115 698 214 738 personae
228 685 303 737 parcit,
319 686 385 726 verbis
401 686 495 727 tltantanat
509 688 548 727 vim
563 687 639 727 inferre
653 686 730 726 nititur.
760 686 820 734 Lt'cct,
837 685 908 737 inquit,

56 746 150 785 advocata
165 743 196 782 bic
209 749 325 794 patronam,
348 756 398 796 quaec
414 757 454 797 pro
473 745 540 786 altero
554 745 676 791 intercedat,
699 743 834 796 aptificare,
857 743 910 782 m'lm'l

57 812 121 844 tanao
143 800 166 840 de
180 800 203 840 B.
223 799 291 840 llario
312 803 353 841 tom
372 801 467 853 tleffitmota
485 815 527 842 com
547 805 637 854 occipere
658 809 742 853 caperet.
774 797 864 847 Quidni?
887 800 907 839 Si

55 858 116 899 Maria
131 856 152 896 in
167 856 226 896 terris
242 856 322 908 degens,
338 870 374 910 pro
391 871 412 898 ea
429 871 467 910 qua
482 859 503 898 in
518 859 627 899 burnannm
642 870 705 910 genus
714 857 797 897 caritate
805 857 907 907 flagralaat

55 913 178 956 mediatricis
194 926 216 954 ac
231 918 328 966 patronae
342 928 425 955 munere
440 916 507 956 functa
523 921 560 964 est,
576 929 599 955 ac
613 928 650 968 pro
657 914 773 954 hominibus
782 913 907 953 intercessit:

57 985 81 1013 an
95 976 199 1019 mortuam,
216 971 252 1010 sed
266 971 308 1011 Deo
322 971 431 1020 viventem,
447 985 492 1012 cum
507 973 548 1012 lleo
563 977 690 1024 regnantem,
705 972 747 1012 Deo
762 971 803 1023 ipsi
818 971 908 1011 caritatis

56 1028 105 1070 sonti
121 1028 180 1068 allius
194 1027 249 1068 velut
262 1028 383 1077 immersam,
400 1028 479 1077 caritas,
496 1042 552 1081 quae,
569 1029 660 1081 apostolo
675 1035 737 1078 teste,
756 1041 858 1081 ntrrrquam
875 1042 908 1068 en-

57 1085 110 1133 cidit,
126 1085 156 1124 sic
171 1085 254 1134 defecit,
269 1091 386 1134 uteorum,
403 1098 488 1138 quorum
503 1092 561 1126 antea
575 1086 718 1134 miserebatur,
738 1098 822 1137 prorsus
839 1085 906 1133 oblita,

57 1143 120 1183 nullas
139 1155 175 1194 pro
195 1142 245 1194 ipsis
260 1155 332 1194 preces
347 1142 431 1182 fundere
446 1141 553 1194 dignetur?
584 1144 642 1183 Certe
662 1156 720 1183 secus
739 1143 798 1193 longe
817 1143 908 1182 sensisse

55 1205 132 1240 veteres
148 1211 218 1239 omnes
234 1204 301 1250 patres
318 1204 338 1239 et
352 1200 460 1247 ecclesias,
480 1200 562 1252 probat,
578 1205 601 1239 ut
616 1199 654 1239 alia
671 1207 756 1248 taceant,
772 1199 906 1251 Liturgiarum

57 1257 144 1296 omnium
167 1256 361 1308 antiquissimarum,
381 1269 497 1308 graecarum
515 1257 672 1308 latinarumque,
693 1269 742 1309 (paras
762 1256 807 1309 ipse
823 1257 908 1296 Grabius

55 1313 183 1354 reiteratione
199 1313 269 1364 dignas
285 1313 395 1362 existimat,
415 1326 536 1354 consensus:
556 1314 578 1353 in
597 1314 669 1367 quibus
684 1315 706 1354 B.
721 1314 796 1354 lllariae
812 1314 906 1353 auxilium

57 1370 156 1423 expromit,
176 1370 259 1422 eiusque
278 1371 356 1411 meritis
376 1384 399 1411 ac
420 1371 514 1424 precibus
533 1371 611 1411 vertiam
626 1377 755 1424 peccatorum
774 1376 794 1411 et
808 1370 907 1411 beneficia

57 1434 120 1467 cetera
141 1427 248 1479 impetrare
268 1428 334 1468 studet
353 1429 446 1469 ecclesia.
476 1429 542 1476 Quare
560 1429 644 1468 lmiusce
659 1428 783 1468 ratiunculae
798 1428 907 1468 vanitatem

56 1485 144 1525 sentiens
159 1485 189 1524 vir
204 1484 281 1525 clariss.
297 1485 361 1525 addit:
378 1489 416 1526 etsi
431 1486 557 1533 coucedatur,
573 1486 630 1526 illem
644 1499 698 1526 neaerae
711 1498 751 1538 pro
766 1485 860 1538 fidelibam
876 1489 907 1525 m'-

55 1545 85 1581 m's
99 1545 194 1582 atratoerae
210 1543 340 1582 oomm'derotts
355 1543 485 1589 intercedere,
501 1543 521 1582 td
536 1542 908 1595 patodmodorottoresProtestomo'um

57 1599 147 1638 doctores
162 1602 233 1639 onerato
249 1600 363 1646 eternitatem,
378 1612 403 1639 me
417 1600 464 1639 mado
479 1600 556 1651 paridem
572 1602 614 1639 etuas
629 1602 731 1639 tmoocom'o
747 1612 759 1639 a
774 1599 861 1651 statamus
872 1600 907 1651 fo-

58 1664 88 1697 cto
101 1656 188 1707 probari
199 1663 279 1708 possem
303 1657 355 1709 quood
369 1659 478 1703 taceamne,
500 1656 613 1703 leodicum,
634 1656 711 1709 falsum
727 1659 762 1702 stt,
779 1657 859 1704 artatae,
876 1656 908 1696 acl

54 1715 144 1764 possitue
158 1713 229 1753 erudire
244 1713 306 1753 stertat
321 1720 350 1753 tot
364 1714 418 1753 catilla
434 1714 534 1753 boemicum
550 1714 719 1765 cooaapodlam'omos.
750 1714 790 1753 Sed
805 1713 823 1752 si
837 1714 907 1753 mode-

56 1769 140 1809 ratiores
155 1770 311 1810 Protestantitnn
326 1770 426 1818 doctores,
443 1775 493 1819 teste
509 1769 589 1818 Grabio,
604 1770 676 1810 merito
689 1770 801 1818 admittunt,
817 1770 906 1818 lllariam,

57 1833 173 1879 ceterosque
189 1827 274 1867 Sanctus
293 1840 347 1866 nunc
362 1840 398 1879 pro
413 1827 507 1867 fidelibus
522 1827 572 1867 vivis
587 1828 680 1868 universe
696 1827 829 1867 consideratis
844 1827 907 1866 inter-

57 1884 136 1928 cedere:
153 1884 259 1924 admittant
272 1884 358 1937 proinde
372 1897 456 1925 necesse
472 1889 509 1932 est,
524 1885 578 1924 nulla
592 1884 627 1924 uni
642 1884 678 1924 Dei
694 1890 714 1924 et
727 1884 831 1924 hominum
843 1885 907 1924 rnedi-

57 1940 106 1979 atori
121 1941 173 1981 lacta
188 1941 267 1987 iniuria,
284 1941 334 1981 alios
350 1946 428 1993 praeter
438 1941 540 1981 Christum
555 1941 692 1989 secundarios,
707 1941 788 1993 ipsique
803 1941 906 1981 subiectos

56 1997 175 2037 mediatores
195 2010 240 2038 esse
259 2011 330 2050 posse,
350 2011 433 2049 quorum
453 1998 538 2049 proinde
558 1998 582 2037 de
602 1998 665 2037 salute
684 2003 753 2038 nostra
773 1998 907 2038 sollicitorum

56 2054 177 2105 praesidium
193 2054 300 2107 implorare
315 2055 383 2102 liceat,
399 2062 421 2094 ut
435 2068 472 2107 per
487 2068 521 2095 eos
537 2055 562 2094 ad
576 2055 708 2107 principalem
724 2055 856 2095 mediatorem
870 2069 906 2108 pa-

58 2115 95 2150 teat
109 2124 210 2152 accessus.

112 2169 145 2209 ot,
176 2169 222 2217 Sed,
238 2168 272 2217 ait,
288 2168 378 2215 Grabius,
394 2168 453 2208 beata
467 2168 522 2220 virgo
538 2168 607 2208 audire
622 2168 906 2220 nonpotestsirnultotmille

56 2223 159 2265 bominum
174 2225 345 2278 compellationes.
375 2226 471 2277 Sagacenr
486 2226 557 2273 virum,
573 2226 630 2265 cuius
646 2238 669 2266 ea
685 2226 711 2265 sit
725 2226 868 2274 inentisacics,
884 2234 906 2266 nt

56 2280 160 2322 beatonnn
174 2283 257 2322 intimos
273 2282 334 2322 animi
348 2296 419 2323 sensus
435 2282 533 2323 altissime
541 2283 659 2335 pervadens,
676 2287 742 2322 certos
750 2283 824 2323 limites
837 2297 906 2323 eorum

57 2338 149 2379 audiendi
165 2353 188 2380 ac
203 2339 339 2391 cognoscendi
354 2340 442 2379 l'acultati
457 2339 565 2392 praefinire
579 2338 653 2379 valeat!
684 2340 748 2379 Tama
763 2352 803 2379 non
819 2340 857 2380 luit
872 2353 905 2380 ec-

57 2393 129 2436 clesiae
143 2409 179 2449 per
193 2402 256 2436 totum
272 2396 347 2444 orbem,
363 2409 439 2448 perque
455 2397 522 2436 omnia
536 2403 626 2448 tempora
641 2396 726 2436 diffusae
735 2397 839 2448 sagacitas,
856 2410 906 2449 [prae

57 2457 136 2492 sanctos
152 2458 171 2493 et
186 2466 243 2493 orare
258 2466 295 2505 pro
310 2453 376 2501 nobis,
393 2461 412 2493 et
427 2467 438 2493 a
453 2453 513 2493 nobis
528 2453 617 2493 invocari
632 2466 694 2504 posse
709 2453 773 2501 dunit3
793 2459 836 2493 rata
850 2455 906 2495 vid„

57 2506 102 2548 licet
120 2523 190 2561 preces
209 2515 288 2550 nostras
307 2510 331 2549 ab
350 2510 376 2549 iis
396 2510 460 2549 audiri
476 2515 495 2549 et
509 2509 593 2561 percipi.
623 2510 708 2549 Tantum
723 2510 799 2560 ingenii
814 2511 906 2551 acumine

57 2576 95 2604 aron
109 2567 214 2607 valuerunt
227 2572 305 2607 vernes
320 2572 394 2619 patres,
410 2567 443 2619 qui
458 2566 544 2618 plurima
559 2579 610 2618 tpnae
624 2566 658 2605 bic
673 2571 774 2617 geruntur,
792 2567 856 2607 beatis
873 2582 905 2608 en-

57 2620 132 2670 plorata
148 2637 193 2664 esse
209 2624 332 2664 confidenter
347 2630 482 2664 asseruerunt.
512 2623 569 2663 Certe
584 2636 655 2666 recens
664 2636 705 2662 raon
714 2629 746 2662 est
754 2624 828 2669 Grabii,
844 2625 906 2664 immo

58 2677 131 2719 Caluini
147 2680 329 2721 etPetrillolinaei
345 2680 438 2720 obiectio.
467 2680 523 2720 Hanc
538 2680 612 2719 dmlum
627 2680 666 2719 sibi
678 2681 791 2731 proposuit,
807 2682 906 2734 solvitque

58 2732 175 2777 Seuerianus
192 2737 325 2785 Gabalitanus,
345 2738 367 2777 in
382 2738 445 2777 Serm.
460 2750 486 2776 vr.
502 2737 527 2777 de
541 2736 610 2776 llundi
625 2736 706 2788 opificio
723 2737 760 2777 To.
775 2751 801 2777 vr.
818 2739 905 2791 Operum

58 2788 158 2843 Clrrpsost.
174 2808 193 2846 p,
209 2794 257 2834 639.
275 2794 352 2846 Nempe
370 2808 429 2847 quum
446 2794 538 2841 dixisset,
557 2794 662 2833 verissime
678 2793 701 2832 ‘itl
717 2794 741 2834 de
757 2807 779 2835 se
794 2796 906 2837 al'lirrnasse

58 2856 73 2908 83
88 2848 179 2898 blariam,
198 2852 280 2891 Beatam
293 2864 323 2890 nte
339 2852 403 2892 dicent
418 2864 484 2891 obrutos
499 2854 645 2902 accommodes,
667 2850 753 2891 subinde
768 2853 808 2891 lroc
823 2853 907 2904 opponit

58 2902 105 2945 sbi:
121 2907 147 2947 Et
161 2909 208 2964 pretet
222 2908 278 2948 tllom
293 2911 349 2948 taem
364 2909 424 2956 a'stred,
440 2911 522 2961 tutantes,
538 2920 653 2960 catarracten
669 2907 755 2950 certator?
778 2910 813 2950 Cui
829 2910 859 2950 sic
874 2923 905 2950 re-

56 2985 253 2999 ''R—„-

102 3030 117 3069 ll
130 3032 173 3065 Cent.
186 3033 205 3065 ll.
219 3044 252 3076 cap.
266 3033 281 3066 l.
