<?xml version="1.0" encoding="UTF-8"?>
<!DOCTYPE html PUBLIC "-//W3C//DTD XHTML 1.0 Transitional//EN"
    "http://www.w3.org/TR/xhtml1/DTD/xhtml1-transitional.dtd">
<html xmlns="http://www.w3.org/1999/xhtml" xml:lang="en" lang="en">
 <head>
  <title>
</title>
<meta http-equiv="Content-Type" content="text/html;charset=utf-8" />
  <meta name='ocr-system' content='tesseract 3.04.00' />
  <meta name='ocr-capabilities' content='ocr_page ocr_carea ocr_par ocr_line ocrx_word'/>
</head>
<body>
  <div class='ocr_page' id='page_1' title='image "./MN41654ucmf_1_0164.png"; bbox 0 0 1936 3304; ppageno 0'>
   <div class='ocr_carea' id='block_1_1' title="bbox 75 194 668 242">
    <p class='ocr_par' dir='ltr' id='par_1_1' title="bbox 75 194 668 242">
     <span class='ocr_line' id='line_1_1' title="bbox 75 194 668 242; baseline -0.003 -8"><span class='ocrx_word' id='word_1_1' title='bbox 75 194 119 242; x_wconf 47' lang='lat'>130,</span> <span class='ocrx_word' id='word_1_2' title='bbox 342 206 387 234; x_wconf 77' lang='lat' dir='ltr'>nun,</span> <span class='ocrx_word' id='word_1_3' title='bbox 403 206 500 233; x_wconf 74' lang='lat' dir='ltr'>uassuurr</span> <span class='ocrx_word' id='word_1_4' title='bbox 516 206 646 233; x_wconf 78' lang='lat' dir='ltr'>orsssurarro</span> <span class='ocrx_word' id='word_1_5' title='bbox 662 207 668 232; x_wconf 93' lang='lat' dir='ltr'>r</span> 
     </span>
    </p>
   </div>
   <div class='ocr_carea' id='block_1_2' title="bbox 73 304 938 2688">
    <p class='ocr_par' dir='ltr' id='par_1_2' title="bbox 73 304 933 1268">
     <span class='ocr_line' id='line_1_2' title="bbox 74 304 926 357; baseline 0.004 -12"><span class='ocrx_word' id='word_1_6' title='bbox 74 306 136 346; x_wconf 80' lang='lat' dir='ltr'>tlrodo&#39;</span> <span class='ocrx_word' id='word_1_7' title='bbox 151 318 206 354; x_wconf 90' lang='lat' dir='ltr'>usus,</span> <span class='ocrx_word' id='word_1_8' title='bbox 222 305 328 356; x_wconf 86' lang='lat' dir='ltr'>allegorica</span> <span class='ocrx_word' id='word_1_9' title='bbox 344 305 495 352; x_wconf 89' lang='lat' dir='ltr'>elementorum,</span> <span class='ocrx_word' id='word_1_10' title='bbox 510 304 628 353; x_wconf 85' lang='lat' dir='ltr'>litterarum,</span> <span class='ocrx_word' id='word_1_11' title='bbox 644 305 764 357; x_wconf 70' lang='lat' dir='ltr'>syllabarum</span> <span class='ocrx_word' id='word_1_12' title='bbox 773 310 793 345; x_wconf 91' lang='lat' dir='ltr'>et</span> <span class='ocrx_word' id='word_1_13' title='bbox 800 316 926 347; x_wconf 92' lang='lat' dir='ltr'>numerorum</span> 
     </span>
     <span class='ocr_line' id='line_1_3' title="bbox 73 362 927 414; baseline 0.002 -12"><span class='ocrx_word' id='word_1_14' title='bbox 73 363 184 414; x_wconf 87' lang='lat' dir='ltr'>l&#39;arragine,</span> <span class='ocrx_word' id='word_1_15' title='bbox 206 363 283 403; x_wconf 86' lang='lat' dir='ltr'>fictitiis</span> <span class='ocrx_word' id='word_1_16' title='bbox 307 362 423 414; x_wconf 69' lang='lat' dir='ltr'>pleromatis</span> <span class='ocrx_word' id='word_1_17' title='bbox 445 362 546 413; x_wconf 66' lang='lat' dir='ltr'>mysteriis</span> <span class='ocrx_word' id='word_1_18' title='bbox 565 362 670 411; x_wconf 83' lang='lat' dir='ltr'>caliginem</span> <span class='ocrx_word' id='word_1_19' title='bbox 693 363 797 402; x_wconf 78' lang='lat' dir='ltr'>offundere</span> <span class='ocrx_word' id='word_1_20' title='bbox 820 362 927 413; x_wconf 88' lang='lat' dir='ltr'>satagebat.</span> 
     </span>
     <span class='ocr_line' id='line_1_4' title="bbox 73 418 928 473; baseline -0.002 -13"><span class='ocrx_word' id='word_1_21' title='bbox 73 420 150 473; x_wconf 82' lang='lat' dir='ltr'>Nempe</span> <span class='ocrx_word' id='word_1_22' title='bbox 165 425 229 460; x_wconf 90' lang='lat' dir='ltr'>totum</span> <span class='ocrx_word' id='word_1_23' title='bbox 244 420 333 472; x_wconf 76' lang='lat' dir='ltr'>pleroma</span> <span class='ocrx_word' id='word_1_24' title='bbox 349 419 411 458; x_wconf 86' lang='lat' dir='ltr'>instar</span> <span class='ocrx_word' id='word_1_25' title='bbox 419 418 507 458; x_wconf 89' lang='lat' dir='ltr'>nominis</span> <span class='ocrx_word' id='word_1_26' title='bbox 515 419 629 467; x_wconf 78' lang='lat' dir='ltr'>cuiusdam3</span> <span class='ocrx_word' id='word_1_27' title='bbox 646 419 739 467; x_wconf 87' lang='lat' dir='ltr'>tetradas,</span> <span class='ocrx_word' id='word_1_28' title='bbox 756 419 831 459; x_wconf 87' lang='lat' dir='ltr'>decada</span> <span class='ocrx_word' id='word_1_29' title='bbox 839 420 928 469; x_wconf 86' lang='lat' dir='ltr'>etogdo-</span> 
     </span>
     <span class='ocr_line' id='line_1_5' title="bbox 75 475 929 527; baseline -0.001 -10"><span class='ocrx_word' id='word_1_30' title='bbox 75 477 122 525; x_wconf 84' lang='lat' dir='ltr'>ada,</span> <span class='ocrx_word' id='word_1_31' title='bbox 138 477 202 517; x_wconf 87' lang='lat' dir='ltr'>instar</span> <span class='ocrx_word' id='word_1_32' title='bbox 217 477 299 516; x_wconf 88' lang='lat' dir='ltr'>totidem</span> <span class='ocrx_word' id='word_1_33' title='bbox 314 475 444 526; x_wconf 64' lang='lat' dir='ltr'>syllabarum,</span> <span class='ocrx_word' id='word_1_34' title='bbox 467 476 546 515; x_wconf 74' lang='lat' dir='ltr'>aleones</span> <span class='ocrx_word' id='word_1_35' title='bbox 560 488 607 515; x_wconf 80' lang='lat' dir='ltr'>vero</span> <span class='ocrx_word' id='word_1_36' title='bbox 623 476 713 527; x_wconf 85' lang='lat' dir='ltr'>singulos</span> <span class='ocrx_word' id='word_1_37' title='bbox 728 476 792 516; x_wconf 88' lang='lat' dir='ltr'>instar·</span> <span class='ocrx_word' id='word_1_38' title='bbox 807 476 929 526; x_wconf 90' lang='lat' dir='ltr'>singularum</span> 
     </span>
     <span class='ocr_line' id='line_1_6' title="bbox 74 532 928 584; baseline -0.001 -10"><span class='ocrx_word' id='word_1_39' title='bbox 74 534 192 582; x_wconf 88' lang='lat' dir='ltr'>litterarum,</span> <span class='ocrx_word' id='word_1_40' title='bbox 209 532 318 584; x_wconf 85' lang='lat' dir='ltr'>exquibus</span> <span class='ocrx_word' id='word_1_41' title='bbox 333 532 437 583; x_wconf 74' lang='lat' dir='ltr'>mysticum</span> <span class='ocrx_word' id='word_1_42' title='bbox 452 532 569 584; x_wconf 77' lang='lat' dir='ltr'>pleromatis</span> <span class='ocrx_word' id='word_1_43' title='bbox 584 545 659 572; x_wconf 90' lang='lat' dir='ltr'>nomen</span> <span class='ocrx_word' id='word_1_44' title='bbox 671 532 800 579; x_wconf 78' lang='lat' dir='ltr'>coalesceret,</span> <span class='ocrx_word' id='word_1_45' title='bbox 816 532 928 573; x_wconf 77' lang='lat' dir='ltr'>exhibebat.</span> 
     </span>
     <span class='ocr_line' id='line_1_7' title="bbox 75 583 929 645; baseline -0.001 -15"><span class='ocrx_word' id='word_1_46' title='bbox 75 591 162 631; x_wconf 74' lang='lat' dir='ltr'>Litteras</span> <span class='ocrx_word' id='word_1_47' title='bbox 177 603 223 630; x_wconf 84' lang='lat' dir='ltr'>vero</span> <span class='ocrx_word' id='word_1_48' title='bbox 238 589 308 639; x_wconf 78' lang='lat' dir='ltr'>viginti</span> <span class='ocrx_word' id='word_1_49' title='bbox 324 589 543 639; x_wconf 80' lang='lat' dir='ltr'>quatuorGraecorum,</span> <span class='ocrx_word' id='word_1_50' title='bbox 558 590 612 629; x_wconf 78' lang='lat' dir='ltr'>velut</span> <span class='ocrx_word' id='word_1_51' title='bbox 626 583 756 645; x_wconf 69' lang='grc' dir='ltr'><em>ἀποῤῥοίας,</em></span> <span class='ocrx_word' id='word_1_52' title='bbox 772 590 857 641; x_wconf 77' lang='lat' dir='ltr'>effluvio</span> <span class='ocrx_word' id='word_1_53' title='bbox 870 602 929 640; x_wconf 87' lang='lat' dir='ltr'>quae-</span> 
     </span>
     <span class='ocr_line' id='line_1_8' title="bbox 76 644 930 698; baseline -0.001 -11"><span class='ocrx_word' id='word_1_54' title='bbox 76 648 122 687; x_wconf 90' lang='lat' dir='ltr'>dam</span> <span class='ocrx_word' id='word_1_55' title='bbox 137 644 182 687; x_wconf 87' lang='lat' dir='ltr'>esse</span> <span class='ocrx_word' id='word_1_56' title='bbox 197 645 339 693; x_wconf 79' lang='lat' dir='ltr'>contendebat,</span> <span class='ocrx_word' id='word_1_57' title='bbox 361 653 402 685; x_wconf 89' lang='lat' dir='ltr'>tres</span> <span class='ocrx_word' id='word_1_58' title='bbox 426 659 459 685; x_wconf 90' lang='lat' dir='ltr'>eas</span> <span class='ocrx_word' id='word_1_59' title='bbox 478 647 572 693; x_wconf 83' lang='lat' dir='ltr'>virtutes,</span> <span class='ocrx_word' id='word_1_60' title='bbox 595 646 666 698; x_wconf 83' lang='lat' dir='ltr'>quibus</span> <span class='ocrx_word' id='word_1_61' title='bbox 686 646 792 685; x_wconf 88' lang='lat' dir='ltr'>universus</span> <span class='ocrx_word' id='word_1_62' title='bbox 811 658 930 697; x_wconf 91' lang='lat' dir='ltr'>superorum</span> 
     </span>
     <span class='ocr_line' id='line_1_9' title="bbox 76 701 929 750; baseline -0.002 -5"><span class='ocrx_word' id='word_1_63' title='bbox 76 705 221 745; x_wconf 90' lang='lat' dir='ltr'>elementorum</span> <span class='ocrx_word' id='word_1_64' title='bbox 235 715 330 742; x_wconf 89' lang='lat' dir='ltr'>mrmerus</span> <span class='ocrx_word' id='word_1_65' title='bbox 346 702 465 750; x_wconf 73' lang='lat' dir='ltr'>continetur,</span> <span class='ocrx_word' id='word_1_66' title='bbox 481 704 627 743; x_wconf 89' lang='lat' dir='ltr'>adumbrantia.</span> <span class='ocrx_word' id='word_1_67' title='bbox 658 703 691 744; x_wconf 84' lang='lat' dir='ltr'>Sic</span> <span class='ocrx_word' id='word_1_68' title='bbox 709 708 775 742; x_wconf 88' lang='lat' dir='ltr'>mutas</span> <span class='ocrx_word' id='word_1_69' title='bbox 790 714 862 742; x_wconf 85' lang='lat' dir='ltr'>novem</span> <span class='ocrx_word' id='word_1_70' title='bbox 876 701 929 743; x_wconf 88' lang='lat' dir='ltr'>litte-</span> 
     </span>
     <span class='ocr_line' id='line_1_10' title="bbox 76 758 930 812; baseline -0.004 -10"><span class='ocrx_word' id='word_1_71' title='bbox 76 775 120 809; x_wconf 86' lang='lat' dir='ltr'>ras,</span> <span class='ocrx_word' id='word_1_72' title='bbox 134 760 200 801; x_wconf 88' lang='lat' dir='ltr'>Patris</span> <span class='ocrx_word' id='word_1_73' title='bbox 220 766 239 799; x_wconf 85' lang='lat' dir='ltr'>et</span> <span class='ocrx_word' id='word_1_74' title='bbox 255 758 346 799; x_wconf 86' lang='lat' dir='ltr'>Veritatis</span> <span class='ocrx_word' id='word_1_75' title='bbox 366 759 464 810; x_wconf 80' lang='lat' dir='ltr'>imagines</span> <span class='ocrx_word' id='word_1_76' title='bbox 480 773 526 800; x_wconf 89' lang='lat' dir='ltr'>esse</span> <span class='ocrx_word' id='word_1_77' title='bbox 541 760 630 800; x_wconf 87' lang='lat' dir='ltr'>dicebat:</span> <span class='ocrx_word' id='word_1_78' title='bbox 651 760 704 812; x_wconf 88' lang='lat' dir='ltr'>quod</span> <span class='ocrx_word' id='word_1_79' title='bbox 717 759 816 799; x_wconf 79' lang='lat' dir='ltr'>videlicet.</span> <span class='ocrx_word' id='word_1_80' title='bbox 825 759 875 799; x_wconf 90' lang='lat' dir='ltr'>muti</span> <span class='ocrx_word' id='word_1_81' title='bbox 891 759 930 811; x_wconf 90' lang='lat' dir='ltr'>ipsi</span> 
     </span>
     <span class='ocr_line' id='line_1_11' title="bbox 77 815 931 869; baseline -0.002 -11"><span class='ocrx_word' id='word_1_82' title='bbox 77 818 124 865; x_wconf 87' lang='lat' dir='ltr'>siut,</span> <span class='ocrx_word' id='word_1_83' title='bbox 138 818 177 858; x_wconf 90' lang='lat' dir='ltr'>hoc</span> <span class='ocrx_word' id='word_1_84' title='bbox 192 822 232 865; x_wconf 89' lang='lat' dir='ltr'>est,</span> <span class='ocrx_word' id='word_1_85' title='bbox 253 816 362 863; x_wconf 87' lang='lat' dir='ltr'>eiusmodi,</span> <span class='ocrx_word' id='word_1_86' title='bbox 383 816 416 868; x_wconf 86' lang='lat' dir='ltr'>qui</span> <span class='ocrx_word' id='word_1_87' title='bbox 432 816 492 856; x_wconf 91' lang='lat' dir='ltr'>nullis</span> <span class='ocrx_word' id='word_1_88' title='bbox 506 817 573 857; x_wconf 80' lang='lat' dir='ltr'>verbis</span> <span class='ocrx_word' id='word_1_89' title='bbox 589 817 674 869; x_wconf 76' lang='lat' dir='ltr'>exprimi</span> <span class='ocrx_word' id='word_1_90' title='bbox 688 816 778 869; x_wconf 87' lang='lat' dir='ltr'>possint:</span> <span class='ocrx_word' id='word_1_91' title='bbox 800 815 931 856; x_wconf 85' lang='lat' dir='ltr'>semivocales</span> 
     </span>
     <span class='ocr_line' id='line_1_12' title="bbox 77 872 931 926; baseline -0.004 -11"><span class='ocrx_word' id='word_1_92' title='bbox 77 881 148 920; x_wconf 83' lang='lat' dir='ltr'>autem,</span> <span class='ocrx_word' id='word_1_93' title='bbox 165 886 215 926; x_wconf 79' lang='lat' dir='ltr'>qrrae</span> <span class='ocrx_word' id='word_1_94' title='bbox 231 878 276 913; x_wconf 90' lang='lat' dir='ltr'>octo</span> <span class='ocrx_word' id='word_1_95' title='bbox 291 877 343 921; x_wconf 85' lang='lat' dir='ltr'>sunt,</span> <span class='ocrx_word' id='word_1_96' title='bbox 358 872 418 912; x_wconf 79' lang='lat' dir='ltr'>Verbi</span> <span class='ocrx_word' id='word_1_97' title='bbox 434 873 527 922; x_wconf 68' lang='lat' dir='ltr'>etllitae;</span> <span class='ocrx_word' id='word_1_98' title='bbox 544 874 598 925; x_wconf 86' lang='lat' dir='ltr'>quod</span> <span class='ocrx_word' id='word_1_99' title='bbox 613 874 666 913; x_wconf 90' lang='lat' dir='ltr'>inter</span> <span class='ocrx_word' id='word_1_100' title='bbox 679 873 758 913; x_wconf 83' lang='lat' dir='ltr'>vocales</span> <span class='ocrx_word' id='word_1_101' title='bbox 770 878 789 913; x_wconf 89' lang='lat' dir='ltr'>et</span> <span class='ocrx_word' id='word_1_102' title='bbox 797 878 931 912; x_wconf 87' lang='lat' dir='ltr'>consonantes</span> 
     </span>
     <span class='ocr_line' id='line_1_13' title="bbox 76 929 931 983; baseline -0.004 -12"><span class='ocrx_word' id='word_1_103' title='bbox 76 933 131 971; x_wconf 86' lang='lat' dir='ltr'>velut</span> <span class='ocrx_word' id='word_1_104' title='bbox 144 930 222 970; x_wconf 91' lang='lat' dir='ltr'>mediae</span> <span class='ocrx_word' id='word_1_105' title='bbox 237 930 354 969; x_wconf 88' lang='lat' dir='ltr'>interiectae</span> <span class='ocrx_word' id='word_1_106' title='bbox 369 930 419 977; x_wconf 90' lang='lat' dir='ltr'>sint,</span> <span class='ocrx_word' id='word_1_107' title='bbox 440 935 499 981; x_wconf 85' lang='lat' dir='ltr'>atque</span> <span class='ocrx_word' id='word_1_108' title='bbox 518 935 540 970; x_wconf 90' lang='lat' dir='ltr'>ut</span> <span class='ocrx_word' id='word_1_109' title='bbox 559 943 570 969; x_wconf 92' lang='lat' dir='ltr'>a</span> <span class='ocrx_word' id='word_1_110' title='bbox 589 930 728 983; x_wconf 90' lang='lat' dir='ltr'>superioribus</span> <span class='ocrx_word' id='word_1_111' title='bbox 744 931 840 977; x_wconf 78' lang='lat' dir='ltr'>defluant,</span> <span class='ocrx_word' id='word_1_112' title='bbox 860 929 888 969; x_wconf 86' lang='lat' dir='ltr'>ita</span> <span class='ocrx_word' id='word_1_113' title='bbox 903 930 931 969; x_wconf 87' lang='lat' dir='ltr'>vi-</span> 
     </span>
     <span class='ocr_line' id='line_1_14' title="bbox 78 987 932 1040; baseline -0.004 -12"><span class='ocrx_word' id='word_1_114' title='bbox 78 989 147 1028; x_wconf 89' lang='lat' dir='ltr'>cissim</span> <span class='ocrx_word' id='word_1_115' title='bbox 165 987 260 1027; x_wconf 87' lang='lat' dir='ltr'>inleriora</span> <span class='ocrx_word' id='word_1_116' title='bbox 280 987 305 1026; x_wconf 87' lang='lat' dir='ltr'>ad</span> <span class='ocrx_word' id='word_1_117' title='bbox 321 1000 354 1027; x_wconf 89' lang='lat' dir='ltr'>eas</span> <span class='ocrx_word' id='word_1_118' title='bbox 369 987 491 1027; x_wconf 84' lang='lat' dir='ltr'>reserantur:</span> <span class='ocrx_word' id='word_1_119' title='bbox 514 987 594 1027; x_wconf 88' lang='lat' dir='ltr'>vocales</span> <span class='ocrx_word' id='word_1_120' title='bbox 612 1000 683 1040; x_wconf 89' lang='lat' dir='ltr'>porro,</span> <span class='ocrx_word' id='word_1_121' title='bbox 707 999 757 1039; x_wconf 84' lang='lat' dir='ltr'>qrrae</span> <span class='ocrx_word' id='word_1_122' title='bbox 776 987 832 1038; x_wconf 85' lang='lat' dir='ltr'>ipsae</span> <span class='ocrx_word' id='word_1_123' title='bbox 853 998 932 1038; x_wconf 70' lang='lat' dir='ltr'>[raroque</span> 
     </span>
     <span class='ocr_line' id='line_1_15' title="bbox 77 1042 932 1098; baseline -0.004 -13"><span class='ocrx_word' id='word_1_124' title='bbox 77 1051 155 1098; x_wconf 87' lang='lat' dir='ltr'>septem</span> <span class='ocrx_word' id='word_1_125' title='bbox 174 1052 229 1092; x_wconf 88' lang='lat' dir='ltr'>sunt,</span> <span class='ocrx_word' id='word_1_126' title='bbox 251 1043 344 1083; x_wconf 88' lang='lat' dir='ltr'>Hominis</span> <span class='ocrx_word' id='word_1_127' title='bbox 364 1048 384 1083; x_wconf 89' lang='lat' dir='ltr'>et</span> <span class='ocrx_word' id='word_1_128' title='bbox 397 1044 511 1091; x_wconf 74' lang='lat' dir='ltr'>Ecclesiae,</span> <span class='ocrx_word' id='word_1_129' title='bbox 531 1044 610 1096; x_wconf 68' lang='lat' dir='ltr'>(parando</span> <span class='ocrx_word' id='word_1_130' title='bbox 629 1045 710 1096; x_wconf 81' lang='lat' dir='ltr'>(pridem</span> <span class='ocrx_word' id='word_1_131' title='bbox 723 1056 762 1083; x_wconf 82' lang='lat' dir='ltr'>vox</span> <span class='ocrx_word' id='word_1_132' title='bbox 775 1056 812 1095; x_wconf 91' lang='lat' dir='ltr'>per·</span> <span class='ocrx_word' id='word_1_133' title='bbox 827 1042 932 1083; x_wconf 86' lang='lat' dir='ltr'>Hominem</span> 
     </span>
     <span class='ocr_line' id='line_1_16' title="bbox 77 1099 933 1155; baseline -0.005 -13"><span class='ocrx_word' id='word_1_134' title='bbox 77 1114 191 1155; x_wconf 78' lang='lat' dir='ltr'>progressa,</span> <span class='ocrx_word' id='word_1_135' title='bbox 208 1101 275 1140; x_wconf 87' lang='lat' dir='ltr'>onmia</span> <span class='ocrx_word' id='word_1_136' title='bbox 290 1101 411 1140; x_wconf 82' lang='lat' dir='ltr'>informavit.</span> <span class='ocrx_word' id='word_1_137' title='bbox 440 1100 487 1141; x_wconf 86' lang='lat' dir='ltr'>Fuit</span> <span class='ocrx_word' id='word_1_138' title='bbox 500 1101 568 1153; x_wconf 87' lang='lat' dir='ltr'>itaque</span> <span class='ocrx_word' id='word_1_139' title='bbox 582 1102 633 1141; x_wconf 87' lang='lat' dir='ltr'>haec</span> <span class='ocrx_word' id='word_1_140' title='bbox 644 1100 706 1141; x_wconf 88' lang='lat' dir='ltr'>lllarci</span> <span class='ocrx_word' id='word_1_141' title='bbox 721 1099 827 1148; x_wconf 90' lang='lat' dir='ltr'>sententia,</span> <span class='ocrx_word' id='word_1_142' title='bbox 843 1100 933 1151; x_wconf 89' lang='lat' dir='ltr'>singulos</span> 
     </span>
     <span class='ocr_line' id='line_1_17' title="bbox 77 1156 932 1210; baseline -0.005 -11"><span class='ocrx_word' id='word_1_143' title='bbox 77 1161 157 1199; x_wconf 80' lang='lat' dir='ltr'>Aeones</span> <span class='ocrx_word' id='word_1_144' title='bbox 176 1158 197 1198; x_wconf 90' lang='lat' dir='ltr'>in</span> <span class='ocrx_word' id='word_1_145' title='bbox 211 1158 323 1210; x_wconf 88' lang='lat' dir='ltr'>pleromate</span> <span class='ocrx_word' id='word_1_146' title='bbox 338 1157 450 1210; x_wconf 83' lang='lat' dir='ltr'>peculiares</span> <span class='ocrx_word' id='word_1_147' title='bbox 466 1170 513 1197; x_wconf 92' lang='lat' dir='ltr'>suos</span> <span class='ocrx_word' id='word_1_148' title='bbox 532 1158 628 1198; x_wconf 87' lang='lat' dir='ltr'>hahuisse</span> <span class='ocrx_word' id='word_1_149' title='bbox 643 1158 769 1198; x_wconf 82' lang='lat' dir='ltr'>characteres</span> <span class='ocrx_word' id='word_1_150' title='bbox 785 1162 805 1196; x_wconf 91' lang='lat' dir='ltr'>et</span> <span class='ocrx_word' id='word_1_151' title='bbox 819 1169 892 1205; x_wconf 90' lang='lat' dir='ltr'>sonos,</span> <span class='ocrx_word' id='word_1_152' title='bbox 908 1156 932 1196; x_wconf 92' lang='lat' dir='ltr'>ad</span> 
     </span>
     <span class='ocr_line' id='line_1_18' title="bbox 80 1214 698 1268; baseline -0.002 -12"><span class='ocrx_word' id='word_1_153' title='bbox 80 1228 164 1268; x_wconf 91' lang='lat' dir='ltr'>quorum</span> <span class='ocrx_word' id='word_1_154' title='bbox 179 1214 286 1265; x_wconf 78' lang='lat' dir='ltr'>imaginem</span> <span class='ocrx_word' id='word_1_155' title='bbox 300 1215 378 1254; x_wconf 83' lang='lat' dir='ltr'>litterae</span> <span class='ocrx_word' id='word_1_156' title='bbox 394 1215 515 1254; x_wconf 89' lang='lat' dir='ltr'>Graecorum</span> <span class='ocrx_word' id='word_1_157' title='bbox 530 1228 635 1267; x_wconf 83' lang='lat' dir='ltr'>expressae</span> <span class='ocrx_word' id='word_1_158' title='bbox 651 1215 698 1255; x_wconf 87' lang='lat' dir='ltr'>sint.</span> 
     </span>
    </p>

    <p class='ocr_par' dir='ltr' id='par_1_3' title="bbox 80 1268 936 2063">
     <span class='ocr_line' id='line_1_19' title="bbox 137 1268 934 1324; baseline -0.005 -12"><span class='ocrx_word' id='word_1_159' title='bbox 137 1271 171 1312; x_wconf 78' lang='lat'>89.</span> <span class='ocrx_word' id='word_1_160' title='bbox 194 1273 222 1312; x_wconf 81' lang='lat' dir='ltr'>lle</span> <span class='ocrx_word' id='word_1_161' title='bbox 237 1272 283 1311; x_wconf 91' lang='lat' dir='ltr'>lesu</span> <span class='ocrx_word' id='word_1_162' title='bbox 298 1271 377 1311; x_wconf 81' lang='lat' dir='ltr'>Christo</span> <span class='ocrx_word' id='word_1_163' title='bbox 393 1272 463 1311; x_wconf 89' lang='lat' dir='ltr'>eadem</span> <span class='ocrx_word' id='word_1_164' title='bbox 477 1285 548 1324; x_wconf 91' lang='lat' dir='ltr'>paene,</span> <span class='ocrx_word' id='word_1_165' title='bbox 563 1285 586 1312; x_wconf 89' lang='lat' dir='ltr'>ac</span> <span class='ocrx_word' id='word_1_166' title='bbox 601 1272 663 1312; x_wconf 86' lang='lat' dir='ltr'>ceteri</span> <span class='ocrx_word' id='word_1_167' title='bbox 671 1270 809 1320; x_wconf 86' lang='lat' dir='ltr'>Valentiniani,</span> <span class='ocrx_word' id='word_1_168' title='bbox 825 1268 934 1315; x_wconf 82' lang='lat' dir='ltr'>effutiebat,</span> 
     </span>
     <span class='ocr_line' id='line_1_20' title="bbox 81 1326 933 1380; baseline -0.006 -11"><span class='ocrx_word' id='word_1_169' title='bbox 81 1342 126 1369; x_wconf 90' lang='lat' dir='ltr'>eum</span> <span class='ocrx_word' id='word_1_170' title='bbox 141 1328 245 1368; x_wconf 90' lang='lat' dir='ltr'>sciliceta</span> <span class='ocrx_word' id='word_1_171' title='bbox 260 1340 326 1367; x_wconf 90' lang='lat' dir='ltr'>rerum</span> <span class='ocrx_word' id='word_1_172' title='bbox 343 1329 431 1367; x_wconf 93' lang='lat' dir='ltr'>omnium</span> <span class='ocrx_word' id='word_1_173' title='bbox 445 1334 540 1380; x_wconf 88' lang='lat' dir='ltr'>parente,</span> <span class='ocrx_word' id='word_1_174' title='bbox 562 1329 622 1368; x_wconf 79' lang='lat' dir='ltr'>Verbi</span> <span class='ocrx_word' id='word_1_175' title='bbox 641 1341 702 1380; x_wconf 89' lang='lat' dir='ltr'>opera</span> <span class='ocrx_word' id='word_1_176' title='bbox 718 1329 812 1373; x_wconf 89' lang='lat' dir='ltr'>electum,</span> <span class='ocrx_word' id='word_1_177' title='bbox 831 1332 853 1367; x_wconf 88' lang='lat' dir='ltr'>ut</span> <span class='ocrx_word' id='word_1_178' title='bbox 868 1326 933 1378; x_wconf 89' lang='lat' dir='ltr'>ipsum</span> 
     </span>
     <span class='ocr_line' id='line_1_21' title="bbox 80 1384 934 1437; baseline -0.006 -11"><span class='ocrx_word' id='word_1_179' title='bbox 80 1385 195 1426; x_wconf 89' lang='lat' dir='ltr'>hominibus</span> <span class='ocrx_word' id='word_1_180' title='bbox 214 1390 284 1424; x_wconf 92' lang='lat' dir='ltr'>notum</span> <span class='ocrx_word' id='word_1_181' title='bbox 303 1385 387 1431; x_wconf 85' lang='lat' dir='ltr'>laceret,</span> <span class='ocrx_word' id='word_1_182' title='bbox 410 1386 435 1424; x_wconf 91' lang='lat' dir='ltr'>ad</span> <span class='ocrx_word' id='word_1_183' title='bbox 455 1397 553 1437; x_wconf 83' lang='lat' dir='ltr'>supernae</span> <span class='ocrx_word' id='word_1_184' title='bbox 571 1386 651 1425; x_wconf 81' lang='lat' dir='ltr'>virtutis</span> <span class='ocrx_word' id='word_1_185' title='bbox 669 1385 777 1436; x_wconf 79' lang='lat' dir='ltr'>imaginem</span> <span class='ocrx_word' id='word_1_186' title='bbox 797 1384 934 1435; x_wconf 88' lang='lat' dir='ltr'>dispensatum</span> 
     </span>
     <span class='ocr_line' id='line_1_22' title="bbox 80 1440 935 1494; baseline -0.005 -12"><span class='ocrx_word' id='word_1_187' title='bbox 80 1443 154 1482; x_wconf 83' lang='lat' dir='ltr'>luisse:</span> <span class='ocrx_word' id='word_1_188' title='bbox 171 1441 301 1493; x_wconf 88' lang='lat' dir='ltr'>quarnobrem</span> <span class='ocrx_word' id='word_1_189' title='bbox 316 1440 340 1481; x_wconf 88' lang='lat' dir='ltr'>ab</span> <span class='ocrx_word' id='word_1_190' title='bbox 356 1440 381 1479; x_wconf 89' lang='lat' dir='ltr'>iis</span> <span class='ocrx_word' id='word_1_191' title='bbox 397 1441 515 1489; x_wconf 86' lang='lat' dir='ltr'>virtutihus,</span> <span class='ocrx_word' id='word_1_192' title='bbox 536 1454 586 1494; x_wconf 88' lang='lat' dir='ltr'>quae</span> <span class='ocrx_word' id='word_1_193' title='bbox 602 1454 613 1481; x_wconf 91' lang='lat' dir='ltr'>a</span> <span class='ocrx_word' id='word_1_194' title='bbox 628 1442 692 1482; x_wconf 80' lang='lat' dir='ltr'>Verbo</span> <span class='ocrx_word' id='word_1_195' title='bbox 709 1447 728 1482; x_wconf 89' lang='lat' dir='ltr'>et</span> <span class='ocrx_word' id='word_1_196' title='bbox 742 1442 795 1489; x_wconf 81' lang='lat' dir='ltr'>Vita,</span> <span class='ocrx_word' id='word_1_197' title='bbox 814 1440 900 1480; x_wconf 89' lang='lat' dir='ltr'>Homine</span> <span class='ocrx_word' id='word_1_198' title='bbox 916 1446 935 1478; x_wconf 90' lang='lat' dir='ltr'>et</span> 
     </span>
     <span class='ocr_line' id='line_1_23' title="bbox 80 1498 934 1550; baseline -0.005 -11"><span class='ocrx_word' id='word_1_199' title='bbox 80 1499 171 1539; x_wconf 81' lang='lat' dir='ltr'>Ecclesia</span> <span class='ocrx_word' id='word_1_200' title='bbox 186 1499 328 1550; x_wconf 82' lang='lat' dir='ltr'>profluxerant,</span> <span class='ocrx_word' id='word_1_201' title='bbox 344 1498 463 1550; x_wconf 88' lang='lat' dir='ltr'>productum</span> <span class='ocrx_word' id='word_1_202' title='bbox 478 1498 547 1544; x_wconf 85' lang='lat' dir='ltr'>luisse,</span> <span class='ocrx_word' id='word_1_203' title='bbox 564 1499 587 1538; x_wconf 86' lang='lat' dir='ltr'>ad</span> <span class='ocrx_word' id='word_1_204' title='bbox 604 1498 625 1539; x_wconf 89' lang='lat' dir='ltr'>id</span> <span class='ocrx_word' id='word_1_205' title='bbox 638 1504 706 1538; x_wconf 90' lang='lat' dir='ltr'>taruen</span> <span class='ocrx_word' id='word_1_206' title='bbox 721 1510 803 1550; x_wconf 90' lang='lat' dir='ltr'>operam</span> <span class='ocrx_word' id='word_1_207' title='bbox 818 1509 875 1537; x_wconf 91' lang='lat' dir='ltr'>suam</span> <span class='ocrx_word' id='word_1_208' title='bbox 887 1509 934 1536; x_wconf 92' lang='lat' dir='ltr'>con-</span> 
     </span>
     <span class='ocr_line' id='line_1_24' title="bbox 81 1553 935 1608; baseline -0.005 -12"><span class='ocrx_word' id='word_1_209' title='bbox 81 1556 192 1596; x_wconf 89' lang='lat' dir='ltr'>serentibus</span> <span class='ocrx_word' id='word_1_210' title='bbox 211 1560 231 1595; x_wconf 90' lang='lat' dir='ltr'>et</span> <span class='ocrx_word' id='word_1_211' title='bbox 252 1559 336 1607; x_wconf 84' lang='lat' dir='ltr'>qrratuor</span> <span class='ocrx_word' id='word_1_212' title='bbox 354 1554 394 1594; x_wconf 92' lang='lat' dir='ltr'>illis</span> <span class='ocrx_word' id='word_1_213' title='bbox 414 1555 513 1607; x_wconf 89' lang='lat' dir='ltr'>supremis</span> <span class='ocrx_word' id='word_1_214' title='bbox 531 1555 648 1604; x_wconf 88' lang='lat' dir='ltr'>virtutibus,</span> <span class='ocrx_word' id='word_1_215' title='bbox 667 1568 708 1595; x_wconf 90' lang='lat' dir='ltr'>non</span> <span class='ocrx_word' id='word_1_216' title='bbox 726 1554 806 1608; x_wconf 80' lang='lat' dir='ltr'>quidem</span> <span class='ocrx_word' id='word_1_217' title='bbox 821 1553 935 1593; x_wconf 87' lang='lat' dir='ltr'>immediate</span> 
     </span>
     <span class='ocr_line' id='line_1_25' title="bbox 82 1612 935 1665; baseline -0.007 -12"><span class='ocrx_word' id='word_1_218' title='bbox 82 1618 102 1653; x_wconf 89' lang='lat' dir='ltr'>et</span> <span class='ocrx_word' id='word_1_219' title='bbox 116 1625 189 1665; x_wconf 90' lang='lat' dir='ltr'>perse</span> <span class='ocrx_word' id='word_1_220' title='bbox 204 1612 266 1664; x_wconf 84' lang='lat' dir='ltr'>ipsas,</span> <span class='ocrx_word' id='word_1_221' title='bbox 281 1612 316 1652; x_wconf 89' lang='lat' dir='ltr'>sed</span> <span class='ocrx_word' id='word_1_222' title='bbox 332 1625 369 1664; x_wconf 91' lang='lat' dir='ltr'>per</span> <span class='ocrx_word' id='word_1_223' title='bbox 377 1613 467 1663; x_wconf 86' lang='lat' dir='ltr'>angelum</span> <span class='ocrx_word' id='word_1_224' title='bbox 477 1612 595 1661; x_wconf 89' lang='lat' dir='ltr'>Gabrielem,</span> <span class='ocrx_word' id='word_1_225' title='bbox 605 1613 639 1665; x_wconf 73' lang='lat' dir='ltr'>rpui</span> <span class='ocrx_word' id='word_1_226' title='bbox 646 1612 717 1662; x_wconf 77' lang='lat' dir='ltr'>Verbi3</span> <span class='ocrx_word' id='word_1_227' title='bbox 734 1612 831 1664; x_wconf 87' lang='lat' dir='ltr'>Spiritum</span> <span class='ocrx_word' id='word_1_228' title='bbox 838 1615 935 1655; x_wconf 88' lang='lat' dir='ltr'>sanctum,</span> 
     </span>
     <span class='ocr_line' id='line_1_26' title="bbox 83 1667 935 1722; baseline -0.004 -13"><span class='ocrx_word' id='word_1_229' title='bbox 83 1670 117 1722; x_wconf 90' lang='lat' dir='ltr'>qui</span> <span class='ocrx_word' id='word_1_230' title='bbox 131 1670 198 1718; x_wconf 76' lang='lat' dir='ltr'>Vitae3</span> <span class='ocrx_word' id='word_1_231' title='bbox 213 1667 312 1708; x_wconf 82' lang='lat' dir='ltr'>Altissimi</span> <span class='ocrx_word' id='word_1_232' title='bbox 326 1669 426 1717; x_wconf 83' lang='lat' dir='ltr'>virtutem,</span> <span class='ocrx_word' id='word_1_233' title='bbox 442 1669 603 1721; x_wconf 75' lang='lat' dir='ltr'>quaeHominis3</span> <span class='ocrx_word' id='word_1_234' title='bbox 618 1669 716 1720; x_wconf 87' lang='lat' dir='ltr'>virginem</span> <span class='ocrx_word' id='word_1_235' title='bbox 731 1669 823 1721; x_wconf 81' lang='lat' dir='ltr'>denique,</span> <span class='ocrx_word' id='word_1_236' title='bbox 840 1680 890 1720; x_wconf 85' lang='lat' dir='ltr'>quae</span> <span class='ocrx_word' id='word_1_237' title='bbox 903 1679 935 1707; x_wconf 84' lang='lat' dir='ltr'>ec-</span> 
     </span>
     <span class='ocr_line' id='line_1_27' title="bbox 83 1725 936 1778; baseline -0.004 -12"><span class='ocrx_word' id='word_1_238' title='bbox 83 1726 157 1767; x_wconf 91' lang='lat' dir='ltr'>clesiae</span> <span class='ocrx_word' id='word_1_239' title='bbox 171 1726 238 1765; x_wconf 91' lang='lat' dir='ltr'>locum</span> <span class='ocrx_word' id='word_1_240' title='bbox 252 1726 362 1778; x_wconf 87' lang='lat' dir='ltr'>suppleret.</span> <span class='ocrx_word' id='word_1_241' title='bbox 392 1726 426 1767; x_wconf 86' lang='lat' dir='ltr'>Sic</span> <span class='ocrx_word' id='word_1_242' title='bbox 441 1731 506 1766; x_wconf 90' lang='lat' dir='ltr'>autem</span> <span class='ocrx_word' id='word_1_243' title='bbox 522 1739 533 1766; x_wconf 91' lang='lat' dir='ltr'>a</span> <span class='ocrx_word' id='word_1_244' title='bbox 547 1726 609 1766; x_wconf 80' lang='lat' dir='ltr'>illaria</span> <span class='ocrx_word' id='word_1_245' title='bbox 624 1726 645 1766; x_wconf 90' lang='lat' dir='ltr'>in</span> <span class='ocrx_word' id='word_1_246' title='bbox 659 1727 724 1766; x_wconf 91' lang='lat' dir='ltr'>lucem</span> <span class='ocrx_word' id='word_1_247' title='bbox 739 1726 815 1765; x_wconf 90' lang='lat' dir='ltr'>editum</span> <span class='ocrx_word' id='word_1_248' title='bbox 830 1725 898 1772; x_wconf 90' lang='lat' dir='ltr'>luisse,</span> <span class='ocrx_word' id='word_1_249' title='bbox 914 1729 936 1763; x_wconf 90' lang='lat' dir='ltr'>ut</span> 
     </span>
     <span class='ocr_line' id='line_1_28' title="bbox 82 1780 935 1835; baseline -0.005 -12"><span class='ocrx_word' id='word_1_250' title='bbox 82 1797 120 1835; x_wconf 90' lang='lat' dir='ltr'>per</span> <span class='ocrx_word' id='word_1_251' title='bbox 134 1789 213 1823; x_wconf 88' lang='lat' dir='ltr'>uterum</span> <span class='ocrx_word' id='word_1_252' title='bbox 228 1782 280 1829; x_wconf 92' lang='lat' dir='ltr'>eius,</span> <span class='ocrx_word' id='word_1_253' title='bbox 304 1794 340 1822; x_wconf 91' lang='lat' dir='ltr'>ceu</span> <span class='ocrx_word' id='word_1_254' title='bbox 359 1795 409 1835; x_wconf 87' lang='lat' dir='ltr'>aqua</span> <span class='ocrx_word' id='word_1_255' title='bbox 424 1796 461 1835; x_wconf 94' lang='lat' dir='ltr'>per</span> <span class='ocrx_word' id='word_1_256' title='bbox 475 1783 545 1822; x_wconf 92' lang='lat' dir='ltr'>tubum</span> <span class='ocrx_word' id='word_1_257' title='bbox 559 1783 670 1831; x_wconf 87' lang='lat' dir='ltr'>transiens,</span> <span class='ocrx_word' id='word_1_258' title='bbox 691 1782 743 1822; x_wconf 88' lang='lat' dir='ltr'>nihil</span> <span class='ocrx_word' id='word_1_259' title='bbox 758 1796 781 1823; x_wconf 83' lang='lat' dir='ltr'>ex</span> <span class='ocrx_word' id='word_1_260' title='bbox 796 1795 819 1821; x_wconf 90' lang='lat' dir='ltr'>ea</span> <span class='ocrx_word' id='word_1_261' title='bbox 834 1780 935 1821; x_wconf 83' lang='lat' dir='ltr'>sumserit.</span> 
     </span>
     <span class='ocr_line' id='line_1_29' title="bbox 83 1837 935 1891; baseline -0.004 -12"><span class='ocrx_word' id='word_1_262' title='bbox 83 1841 106 1880; x_wconf 90' lang='lat' dir='ltr'>In</span> <span class='ocrx_word' id='word_1_263' title='bbox 122 1853 167 1879; x_wconf 89' lang='lat' dir='ltr'>eum</span> <span class='ocrx_word' id='word_1_264' title='bbox 180 1852 235 1887; x_wconf 84' lang='lat' dir='ltr'>vero,</span> <span class='ocrx_word' id='word_1_265' title='bbox 251 1852 312 1891; x_wconf 87' lang='lat' dir='ltr'>quarn</span> <span class='ocrx_word' id='word_1_266' title='bbox 327 1840 351 1879; x_wconf 89' lang='lat' dir='ltr'>ad</span> <span class='ocrx_word' id='word_1_267' title='bbox 367 1852 437 1891; x_wconf 84' lang='lat' dir='ltr'>aquam</span> <span class='ocrx_word' id='word_1_268' title='bbox 453 1839 546 1888; x_wconf 87' lang='lat' dir='ltr'>venisset,</span> <span class='ocrx_word' id='word_1_269' title='bbox 562 1840 665 1880; x_wconf 85' lang='lat' dir='ltr'>columbae</span> <span class='ocrx_word' id='word_1_270' title='bbox 680 1840 745 1880; x_wconf 88' lang='lat' dir='ltr'>instar</span> <span class='ocrx_word' id='word_1_271' title='bbox 759 1837 889 1879; x_wconf 86' lang='lat' dir='ltr'>descendisse</span> <span class='ocrx_word' id='word_1_272' title='bbox 903 1850 935 1877; x_wconf 89' lang='lat' dir='ltr'>su-</span> 
     </span>
     <span class='ocr_line' id='line_1_30' title="bbox 82 1894 936 1949; baseline -0.002 -14"><span class='ocrx_word' id='word_1_273' title='bbox 82 1909 167 1949; x_wconf 90' lang='lat' dir='ltr'>permrm</span> <span class='ocrx_word' id='word_1_274' title='bbox 176 1896 304 1943; x_wconf 79' lang='lat' dir='ltr'>Salvatorem,</span> <span class='ocrx_word' id='word_1_275' title='bbox 322 1896 355 1947; x_wconf 84' lang='lat' dir='ltr'>qui</span> <span class='ocrx_word' id='word_1_276' title='bbox 372 1909 431 1949; x_wconf 84' lang='lat' dir='ltr'>quum</span> <span class='ocrx_word' id='word_1_277' title='bbox 439 1897 528 1936; x_wconf 79' lang='lat' dir='ltr'>Aeonum</span> <span class='ocrx_word' id='word_1_278' title='bbox 543 1897 631 1936; x_wconf 90' lang='lat' dir='ltr'>omnium</span> <span class='ocrx_word' id='word_1_279' title='bbox 647 1897 700 1937; x_wconf 85' lang='lat' dir='ltr'>fetus</span> <span class='ocrx_word' id='word_1_280' title='bbox 711 1902 771 1944; x_wconf 80' lang='lat' dir='ltr'>esset,</span> <span class='ocrx_word' id='word_1_281' title='bbox 787 1895 876 1935; x_wconf 90' lang='lat' dir='ltr'>omnium</span> <span class='ocrx_word' id='word_1_282' title='bbox 885 1894 936 1934; x_wconf 91' lang='lat' dir='ltr'>inse</span> 
     </span>
     <span class='ocr_line' id='line_1_31' title="bbox 82 1951 936 2006; baseline -0.002 -14"><span class='ocrx_word' id='word_1_283' title='bbox 82 1953 175 1993; x_wconf 88' lang='lat' dir='ltr'>virtutem</span> <span class='ocrx_word' id='word_1_284' title='bbox 191 1953 370 2005; x_wconf 86' lang='lat' dir='ltr'>complectebatur:</span> <span class='ocrx_word' id='word_1_285' title='bbox 386 1954 479 2006; x_wconf 78' lang='lat' dir='ltr'>huncque</span> <span class='ocrx_word' id='word_1_286' title='bbox 495 1966 540 1993; x_wconf 91' lang='lat' dir='ltr'>esse</span> <span class='ocrx_word' id='word_1_287' title='bbox 552 1954 585 2005; x_wconf 83' lang='lat' dir='ltr'>qui</span> <span class='ocrx_word' id='word_1_288' title='bbox 593 1966 630 2005; x_wconf 92' lang='lat' dir='ltr'>per</span> <span class='ocrx_word' id='word_1_289' title='bbox 640 1966 662 1993; x_wconf 89' lang='lat' dir='ltr'>os</span> <span class='ocrx_word' id='word_1_290' title='bbox 669 1954 715 1994; x_wconf 90' lang='lat' dir='ltr'>lesu</span> <span class='ocrx_word' id='word_1_291' title='bbox 722 1953 782 1994; x_wconf 89' lang='lat' dir='ltr'>verba</span> <span class='ocrx_word' id='word_1_292' title='bbox 790 1951 866 2001; x_wconf 84' lang='lat' dir='ltr'>fecerit,</span> <span class='ocrx_word' id='word_1_293' title='bbox 875 1963 936 2003; x_wconf 87' lang='lat' dir='ltr'>seque</span> 
     </span>
     <span class='ocr_line' id='line_1_32' title="bbox 83 2009 936 2063; baseline -0.005 -13"><span class='ocrx_word' id='word_1_294' title='bbox 83 2011 156 2051; x_wconf 86' lang='lat' dir='ltr'>Filium</span> <span class='ocrx_word' id='word_1_295' title='bbox 170 2010 258 2050; x_wconf 90' lang='lat' dir='ltr'>lroruiuis</span> <span class='ocrx_word' id='word_1_296' title='bbox 273 2011 378 2050; x_wconf 88' lang='lat' dir='ltr'>corrlessrrs</span> <span class='ocrx_word' id='word_1_297' title='bbox 386 2011 453 2058; x_wconf 88' lang='lat' dir='ltr'>suerit,</span> <span class='ocrx_word' id='word_1_298' title='bbox 469 2011 523 2063; x_wconf 86' lang='lat' dir='ltr'>quod</span> <span class='ocrx_word' id='word_1_299' title='bbox 531 2023 640 2062; x_wconf 91' lang='lat' dir='ltr'>supernum</span> <span class='ocrx_word' id='word_1_300' title='bbox 647 2010 753 2051; x_wconf 88' lang='lat' dir='ltr'>Hominem</span> <span class='ocrx_word' id='word_1_301' title='bbox 762 2016 840 2062; x_wconf 90' lang='lat' dir='ltr'>patrem</span> <span class='ocrx_word' id='word_1_302' title='bbox 847 2009 936 2049; x_wconf 90' lang='lat' dir='ltr'>haberet.</span> 
     </span>
    </p>

    <p class='ocr_par' dir='ltr' id='par_1_4' title="bbox 83 2065 938 2688">
     <span class='ocr_line' id='line_1_33' title="bbox 141 2065 936 2119; baseline -0.003 -13"><span class='ocrx_word' id='word_1_303' title='bbox 141 2067 175 2106; x_wconf 77' lang='grc'>90.</span> <span class='ocrx_word' id='word_1_304' title='bbox 196 2067 253 2106; x_wconf 89' lang='lat' dir='ltr'>lllitto</span> <span class='ocrx_word' id='word_1_305' title='bbox 269 2080 317 2118; x_wconf 87' lang='lat' dir='ltr'>quas</span> <span class='ocrx_word' id='word_1_306' title='bbox 333 2068 357 2107; x_wconf 89' lang='lat' dir='ltr'>de</span> <span class='ocrx_word' id='word_1_307' title='bbox 369 2068 438 2107; x_wconf 88' lang='lat' dir='ltr'>rnumli</span> <span class='ocrx_word' id='word_1_308' title='bbox 453 2068 512 2108; x_wconf 92' lang='lat' dir='ltr'>huius</span> <span class='ocrx_word' id='word_1_309' title='bbox 528 2068 670 2119; x_wconf 86' lang='lat' dir='ltr'>adspectahilis</span> <span class='ocrx_word' id='word_1_310' title='bbox 678 2075 723 2108; x_wconf 87' lang='lat' dir='ltr'>ortu</span> <span class='ocrx_word' id='word_1_311' title='bbox 731 2080 793 2119; x_wconf 88' lang='lat' dir='ltr'>nugas</span> <span class='ocrx_word' id='word_1_312' title='bbox 800 2065 936 2107; x_wconf 85' lang='lat' dir='ltr'>venditabant.</span> 
     </span>
     <span class='ocr_line' id='line_1_34' title="bbox 84 2121 936 2176; baseline -0.004 -12"><span class='ocrx_word' id='word_1_313' title='bbox 84 2123 142 2164; x_wconf 91' lang='lat' dir='ltr'>Hunc</span> <span class='ocrx_word' id='word_1_314' title='bbox 158 2124 182 2163; x_wconf 91' lang='lat' dir='ltr'>ad</span> <span class='ocrx_word' id='word_1_315' title='bbox 197 2124 304 2175; x_wconf 80' lang='lat' dir='ltr'>imaginem</span> <span class='ocrx_word' id='word_1_316' title='bbox 319 2136 451 2176; x_wconf 85' lang='lat' dir='ltr'>supernorum</span> <span class='ocrx_word' id='word_1_317' title='bbox 471 2125 501 2165; x_wconf 89' lang='lat' dir='ltr'>sic</span> <span class='ocrx_word' id='word_1_318' title='bbox 520 2125 622 2165; x_wconf 90' lang='lat' dir='ltr'>conditum</span> <span class='ocrx_word' id='word_1_319' title='bbox 640 2125 742 2173; x_wconf 88' lang='lat' dir='ltr'>volebant,</span> <span class='ocrx_word' id='word_1_320' title='bbox 765 2130 786 2164; x_wconf 91' lang='lat' dir='ltr'>ut</span> <span class='ocrx_word' id='word_1_321' title='bbox 809 2124 830 2163; x_wconf 93' lang='lat' dir='ltr'>in</span> <span class='ocrx_word' id='word_1_322' title='bbox 852 2121 936 2173; x_wconf 90' lang='lat' dir='ltr'>singulis</span> 
     </span>
     <span class='ocr_line' id='line_1_35' title="bbox 84 2178 937 2232; baseline -0.002 -12"><span class='ocrx_word' id='word_1_323' title='bbox 84 2182 127 2220; x_wconf 87' lang='lat' dir='ltr'>lere</span> <span class='ocrx_word' id='word_1_324' title='bbox 142 2179 232 2231; x_wconf 89' lang='lat' dir='ltr'>partibus</span> <span class='ocrx_word' id='word_1_325' title='bbox 247 2181 336 2232; x_wconf 89' lang='lat' dir='ltr'>pleroma</span> <span class='ocrx_word' id='word_1_326' title='bbox 350 2181 441 2221; x_wconf 81' lang='lat' dir='ltr'>referret.</span> <span class='ocrx_word' id='word_1_327' title='bbox 470 2181 596 2221; x_wconf 75' lang='lat' dir='ltr'>Platonicum</span> <span class='ocrx_word' id='word_1_328' title='bbox 611 2181 631 2221; x_wconf 95' lang='lat' dir='ltr'>id</span> <span class='ocrx_word' id='word_1_329' title='bbox 647 2181 718 2232; x_wconf 80' lang='lat' dir='ltr'>dogma</span> <span class='ocrx_word' id='word_1_330' title='bbox 733 2181 797 2222; x_wconf 87' lang='lat' dir='ltr'>fuisse</span> <span class='ocrx_word' id='word_1_331' title='bbox 812 2178 937 2231; x_wconf 83' lang='lat' dir='ltr'>arrogatori-</span> 
     </span>
     <span class='ocr_line' id='line_1_36' title="bbox 84 2236 937 2290; baseline -0.002 -13"><span class='ocrx_word' id='word_1_332' title='bbox 84 2238 122 2277; x_wconf 90' lang='lat' dir='ltr'>bus</span> <span class='ocrx_word' id='word_1_333' title='bbox 137 2237 182 2277; x_wconf 89' lang='lat' dir='ltr'>istis</span> <span class='ocrx_word' id='word_1_334' title='bbox 197 2242 299 2277; x_wconf 88' lang='lat' dir='ltr'>recoctum</span> <span class='ocrx_word' id='word_1_335' title='bbox 314 2237 406 2290; x_wconf 89' lang='lat' dir='ltr'>superius</span> <span class='ocrx_word' id='word_1_336' title='bbox 422 2238 553 2278; x_wconf 87' lang='lat' dir='ltr'>ostendimus.</span> <span class='ocrx_word' id='word_1_337' title='bbox 582 2238 608 2278; x_wconf 89' lang='lat' dir='ltr'>Ut</span> <span class='ocrx_word' id='word_1_338' title='bbox 622 2243 688 2278; x_wconf 90' lang='lat' dir='ltr'>autem</span> <span class='ocrx_word' id='word_1_339' title='bbox 703 2237 855 2285; x_wconf 86' lang='lat' dir='ltr'>confirmandis,</span> <span class='ocrx_word' id='word_1_340' title='bbox 871 2236 889 2276; x_wconf 91' lang='lat' dir='ltr'>si</span> <span class='ocrx_word' id='word_1_341' title='bbox 904 2249 937 2276; x_wconf 91' lang='lat' dir='ltr'>su-</span> 
     </span>
     <span class='ocr_line' id='line_1_37' title="bbox 84 2293 937 2347; baseline -0.004 -12"><span class='ocrx_word' id='word_1_342' title='bbox 84 2294 139 2347; x_wconf 90' lang='lat' dir='ltr'>peris</span> <span class='ocrx_word' id='word_1_343' title='bbox 154 2294 226 2346; x_wconf 88' lang='lat' dir='ltr'>placet,</span> <span class='ocrx_word' id='word_1_344' title='bbox 241 2299 272 2333; x_wconf 92' lang='lat' dir='ltr'>tot</span> <span class='ocrx_word' id='word_1_345' title='bbox 287 2299 307 2333; x_wconf 90' lang='lat' dir='ltr'>et</span> <span class='ocrx_word' id='word_1_346' title='bbox 322 2295 381 2334; x_wconf 87' lang='lat' dir='ltr'>tantis</span> <span class='ocrx_word' id='word_1_347' title='bbox 397 2299 475 2334; x_wconf 84' lang='lat' dir='ltr'>emotae</span> <span class='ocrx_word' id='word_1_348' title='bbox 490 2294 563 2334; x_wconf 82' lang='lat' dir='ltr'>ruentis</span> <span class='ocrx_word' id='word_1_349' title='bbox 578 2294 715 2335; x_wconf 89' lang='lat' dir='ltr'>deliramentis</span> <span class='ocrx_word' id='word_1_350' title='bbox 730 2307 831 2334; x_wconf 88' lang='lat' dir='ltr'>sacrarum</span> <span class='ocrx_word' id='word_1_351' title='bbox 847 2293 937 2346; x_wconf 85' lang='lat' dir='ltr'>Scriptu-</span> 
     </span>
     <span class='ocr_line' id='line_1_38' title="bbox 83 2350 938 2403; baseline -0.002 -12"><span class='ocrx_word' id='word_1_352' title='bbox 83 2363 152 2391; x_wconf 91' lang='lat' dir='ltr'>rarum</span> <span class='ocrx_word' id='word_1_353' title='bbox 167 2350 275 2390; x_wconf 91' lang='lat' dir='ltr'>auctoritas</span> <span class='ocrx_word' id='word_1_354' title='bbox 291 2364 331 2390; x_wconf 91' lang='lat' dir='ltr'>nou</span> <span class='ocrx_word' id='word_1_355' title='bbox 347 2352 432 2399; x_wconf 79' lang='lat' dir='ltr'>deesset,</span> <span class='ocrx_word' id='word_1_356' title='bbox 452 2352 572 2403; x_wconf 87' lang='lat' dir='ltr'>stupendum</span> <span class='ocrx_word' id='word_1_357' title='bbox 588 2357 671 2403; x_wconf 81' lang='lat' dir='ltr'>quantas</span> <span class='ocrx_word' id='word_1_358' title='bbox 687 2352 815 2391; x_wconf 89' lang='lat' dir='ltr'>admoverent</span> <span class='ocrx_word' id='word_1_359' title='bbox 828 2350 938 2397; x_wconf 88' lang='lat' dir='ltr'>machinas,</span> 
     </span>
     <span class='ocr_line' id='line_1_39' title="bbox 84 2406 938 2461; baseline -0.004 -13"><span class='ocrx_word' id='word_1_360' title='bbox 84 2414 107 2448; x_wconf 90' lang='lat' dir='ltr'>ut</span> <span class='ocrx_word' id='word_1_361' title='bbox 121 2421 155 2448; x_wconf 90' lang='lat' dir='ltr'>eas</span> <span class='ocrx_word' id='word_1_362' title='bbox 170 2413 211 2447; x_wconf 87' lang='lat' dir='ltr'>tam</span> <span class='ocrx_word' id='word_1_363' title='bbox 225 2407 287 2460; x_wconf 87' lang='lat' dir='ltr'>impie</span> <span class='ocrx_word' id='word_1_364' title='bbox 303 2420 362 2460; x_wconf 86' lang='lat' dir='ltr'>quam</span> <span class='ocrx_word' id='word_1_365' title='bbox 375 2408 459 2448; x_wconf 90' lang='lat' dir='ltr'>ridicule</span> <span class='ocrx_word' id='word_1_366' title='bbox 471 2408 615 2461; x_wconf 91' lang='lat' dir='ltr'>discerperent,</span> <span class='ocrx_word' id='word_1_367' title='bbox 631 2415 751 2449; x_wconf 86' lang='lat' dir='ltr'>consuerent</span> <span class='ocrx_word' id='word_1_368' title='bbox 765 2414 785 2449; x_wconf 90' lang='lat' dir='ltr'>et</span> <span class='ocrx_word' id='word_1_369' title='bbox 799 2408 878 2448; x_wconf 90' lang='lat' dir='ltr'>obtorto</span> <span class='ocrx_word' id='word_1_370' title='bbox 887 2406 938 2447; x_wconf 90' lang='lat' dir='ltr'>collo</span> 
     </span>
     <span class='ocr_line' id='line_1_40' title="bbox 84 2464 938 2517; baseline -0.004 -12"><span class='ocrx_word' id='word_1_371' title='bbox 84 2465 106 2505; x_wconf 91' lang='lat' dir='ltr'>in</span> <span class='ocrx_word' id='word_1_372' title='bbox 120 2465 197 2505; x_wconf 90' lang='lat' dir='ltr'>alienos</span> <span class='ocrx_word' id='word_1_373' title='bbox 212 2464 331 2517; x_wconf 85' lang='lat' dir='ltr'>ineptosque</span> <span class='ocrx_word' id='word_1_374' title='bbox 347 2477 418 2505; x_wconf 91' lang='lat' dir='ltr'>sensus</span> <span class='ocrx_word' id='word_1_375' title='bbox 433 2465 541 2505; x_wconf 89' lang='lat' dir='ltr'>traherent.</span> <span class='ocrx_word' id='word_1_376' title='bbox 571 2466 643 2506; x_wconf 90' lang='lat' dir='ltr'>Parum</span> <span class='ocrx_word' id='word_1_377' title='bbox 662 2466 744 2514; x_wconf 77' lang='lat' dir='ltr'>luisset,</span> <span class='ocrx_word' id='word_1_378' title='bbox 763 2465 804 2506; x_wconf 92' lang='lat' dir='ltr'>nisi</span> <span class='ocrx_word' id='word_1_379' title='bbox 822 2465 938 2505; x_wconf 89' lang='lat' dir='ltr'>innumeras</span> 
     </span>
     <span class='ocr_line' id='line_1_41' title="bbox 84 2522 938 2575; baseline -0.001 -13"><span class='ocrx_word' id='word_1_380' title='bbox 84 2522 230 2574; x_wconf 87' lang='lat' dir='ltr'>propemodum</span> <span class='ocrx_word' id='word_1_381' title='bbox 250 2523 355 2562; x_wconf 76' lang='lat' dir='ltr'>finxissent</span> <span class='ocrx_word' id='word_1_382' title='bbox 370 2523 494 2575; x_wconf 78' lang='lat' dir='ltr'>apocryphas</span> <span class='ocrx_word' id='word_1_383' title='bbox 510 2522 629 2575; x_wconf 85' lang='lat' dir='ltr'>spuriasque</span> <span class='ocrx_word' id='word_1_384' title='bbox 644 2523 763 2575; x_wconf 88' lang='lat' dir='ltr'>scripturas,</span> <span class='ocrx_word' id='word_1_385' title='bbox 784 2522 856 2575; x_wconf 86' lang='lat' dir='ltr'>quibus</span> <span class='ocrx_word' id='word_1_386' title='bbox 871 2522 938 2561; x_wconf 89' lang='lat' dir='ltr'>fucum</span> 
     </span>
     <span class='ocr_line' id='line_1_42' title="bbox 85 2578 938 2632; baseline -0.002 -14"><span class='ocrx_word' id='word_1_387' title='bbox 85 2579 174 2619; x_wconf 87' lang='lat' dir='ltr'>facerent</span> <span class='ocrx_word' id='word_1_388' title='bbox 188 2578 294 2631; x_wconf 91' lang='lat' dir='ltr'>imperitis.</span> <span class='ocrx_word' id='word_1_389' title='bbox 324 2579 379 2627; x_wconf 84' lang='lat' dir='ltr'>Quos</span> <span class='ocrx_word' id='word_1_390' title='bbox 394 2579 458 2619; x_wconf 91' lang='lat' dir='ltr'>libros</span> <span class='ocrx_word' id='word_1_391' title='bbox 473 2580 635 2632; x_wconf 82' lang='lat' dir='ltr'>supposuissent,</span> <span class='ocrx_word' id='word_1_392' title='bbox 650 2581 733 2620; x_wconf 89' lang='lat' dir='ltr'>lrenaeo</span> <span class='ocrx_word' id='word_1_393' title='bbox 748 2586 819 2619; x_wconf 92' lang='lat' dir='ltr'>nostro</span> <span class='ocrx_word' id='word_1_394' title='bbox 835 2578 938 2630; x_wconf 89' lang='lat' dir='ltr'>sigillatim</span> 
     </span>
     <span class='ocr_line' id='line_1_43' title="bbox 87 2635 938 2688; baseline -0.001 -13"><span class='ocrx_word' id='word_1_395' title='bbox 87 2635 199 2676; x_wconf 89' lang='lat' dir='ltr'>edisserere</span> <span class='ocrx_word' id='word_1_396' title='bbox 217 2648 258 2675; x_wconf 92' lang='lat' dir='ltr'>non</span> <span class='ocrx_word' id='word_1_397' title='bbox 276 2637 358 2687; x_wconf 88' lang='lat' dir='ltr'>placuit.</span> <span class='ocrx_word' id='word_1_398' title='bbox 388 2637 411 2676; x_wconf 91' lang='lat' dir='ltr'>ld</span> <span class='ocrx_word' id='word_1_399' title='bbox 429 2641 507 2677; x_wconf 86' lang='lat' dir='ltr'>tantum</span> <span class='ocrx_word' id='word_1_400' title='bbox 521 2644 610 2685; x_wconf 86' lang='lat' dir='ltr'>constat,</span> <span class='ocrx_word' id='word_1_401' title='bbox 632 2637 738 2677; x_wconf 88' lang='lat' dir='ltr'>ridiculam</span> <span class='ocrx_word' id='word_1_402' title='bbox 752 2636 816 2685; x_wconf 87' lang='lat' dir='ltr'>illam,</span> <span class='ocrx_word' id='word_1_403' title='bbox 839 2635 938 2688; x_wconf 90' lang='lat' dir='ltr'>quamde</span> 
     </span>
    </p>
   </div>
   <div class='ocr_carea' id='block_1_3' title="bbox 82 2691 939 3090">
    <p class='ocr_par' dir='ltr' id='par_1_5' title="bbox 86 2691 938 2904">
     <span class='ocr_line' id='line_1_44' title="bbox 87 2691 938 2746; baseline -0.002 -14"><span class='ocrx_word' id='word_1_404' title='bbox 87 2691 167 2732; x_wconf 81' lang='lat' dir='ltr'>Christo</span> <span class='ocrx_word' id='word_1_405' title='bbox 182 2705 244 2744; x_wconf 92' lang='lat' dir='ltr'>puero</span> <span class='ocrx_word' id='word_1_406' title='bbox 260 2693 353 2733; x_wconf 81' lang='lat' dir='ltr'>fabellam</span> <span class='ocrx_word' id='word_1_407' title='bbox 369 2699 463 2734; x_wconf 90' lang='lat' dir='ltr'>enarrant</span> <span class='ocrx_word' id='word_1_408' title='bbox 478 2707 522 2746; x_wconf 88' lang='lat' dir='ltr'>cap.</span> <span class='ocrx_word' id='word_1_409' title='bbox 538 2694 572 2734; x_wconf 83' lang='lat'>20.</span> <span class='ocrx_word' id='word_1_410' title='bbox 589 2706 694 2734; x_wconf 90' lang='lat' dir='ltr'>occurrere</span> <span class='ocrx_word' id='word_1_411' title='bbox 710 2694 731 2734; x_wconf 93' lang='lat' dir='ltr'>iu</span> <span class='ocrx_word' id='word_1_412' title='bbox 745 2691 938 2746; x_wconf 89' lang='lat' dir='ltr'>pseudo-evangelio</span> 
     </span>
     <span class='ocr_line' id='line_1_45' title="bbox 86 2748 938 2803; baseline -0.001 -15"><span class='ocrx_word' id='word_1_413' title='bbox 86 2748 183 2789; x_wconf 86' lang='lat' dir='ltr'>infantiae</span> <span class='ocrx_word' id='word_1_414' title='bbox 196 2749 275 2798; x_wconf 84' lang='lat' dir='ltr'>Christi,</span> <span class='ocrx_word' id='word_1_415' title='bbox 292 2751 346 2803; x_wconf 88' lang='lat' dir='ltr'>quod</span> <span class='ocrx_word' id='word_1_416' title='bbox 361 2750 441 2791; x_wconf 86' lang='lat' dir='ltr'>arabice</span> <span class='ocrx_word' id='word_1_417' title='bbox 463 2763 508 2791; x_wconf 92' lang='lat' dir='ltr'>cum</span> <span class='ocrx_word' id='word_1_418' title='bbox 529 2751 591 2791; x_wconf 89' lang='lat' dir='ltr'>latina</span> <span class='ocrx_word' id='word_1_419' title='bbox 606 2751 772 2803; x_wconf 87' lang='lat' dir='ltr'>interpretatione</span> <span class='ocrx_word' id='word_1_420' title='bbox 787 2750 851 2790; x_wconf 89' lang='lat' dir='ltr'>edidit</span> <span class='ocrx_word' id='word_1_421' title='bbox 865 2748 938 2789; x_wconf 90' lang='lat' dir='ltr'>Henri-</span> 
     </span>
     <span class='ocr_line' id='line_1_46' title="bbox 87 2805 938 2860; baseline -0.002 -14"><span class='ocrx_word' id='word_1_422' title='bbox 87 2819 122 2846; x_wconf 91' lang='lat' dir='ltr'>cus</span> <span class='ocrx_word' id='word_1_423' title='bbox 142 2805 221 2854; x_wconf 81' lang='lat' dir='ltr'>Silius,</span> <span class='ocrx_word' id='word_1_424' title='bbox 244 2813 263 2846; x_wconf 92' lang='lat' dir='ltr'>et</span> <span class='ocrx_word' id='word_1_425' title='bbox 281 2806 302 2846; x_wconf 93' lang='lat' dir='ltr'>in</span> <span class='ocrx_word' id='word_1_426' title='bbox 322 2807 366 2847; x_wconf 86' lang='lat' dir='ltr'>aliis</span> <span class='ocrx_word' id='word_1_427' title='bbox 387 2807 506 2860; x_wconf 83' lang='lat' dir='ltr'>quibusdam</span> <span class='ocrx_word' id='word_1_428' title='bbox 528 2808 619 2848; x_wconf 89' lang='lat' dir='ltr'>eiusdem</span> <span class='ocrx_word' id='word_1_429' title='bbox 635 2808 717 2848; x_wconf 80' lang='lat' dir='ltr'>furfuris</span> <span class='ocrx_word' id='word_1_430' title='bbox 738 2806 830 2860; x_wconf 92' lang='lat' dir='ltr'>scriptis,</span> <span class='ocrx_word' id='word_1_431' title='bbox 853 2816 938 2859; x_wconf 86' lang='lat' dir='ltr'>quorum</span> 
     </span>
     <span class='ocr_line' id='line_1_47' title="bbox 86 2862 515 2904; baseline 0.002 -2"><span class='ocrx_word' id='word_1_432' title='bbox 86 2862 215 2904; x_wconf 92' lang='lat' dir='ltr'>meminimus</span> <span class='ocrx_word' id='word_1_433' title='bbox 230 2862 251 2902; x_wconf 89' lang='lat' dir='ltr'>iu</span> <span class='ocrx_word' id='word_1_434' title='bbox 265 2864 319 2903; x_wconf 86' lang='lat' dir='ltr'>notis</span> <span class='ocrx_word' id='word_1_435' title='bbox 334 2865 359 2904; x_wconf 89' lang='lat' dir='ltr'>ad</span> <span class='ocrx_word' id='word_1_436' title='bbox 374 2864 428 2904; x_wconf 89' lang='lat' dir='ltr'>hunc</span> <span class='ocrx_word' id='word_1_437' title='bbox 443 2865 515 2904; x_wconf 90' lang='lat' dir='ltr'>locum.</span> 
     </span>
    </p>

    <p class='ocr_par' dir='ltr' id='par_1_6' title="bbox 82 2918 939 3090">
     <span class='ocr_line' id='line_1_48' title="bbox 144 2918 939 2974; baseline -0.004 -14"><span class='ocrx_word' id='word_1_438' title='bbox 144 2920 178 2960; x_wconf 80' lang='lat' dir='ltr'>et.</span> <span class='ocrx_word' id='word_1_439' title='bbox 200 2918 278 2968; x_wconf 77' lang='lat' dir='ltr'>Quibus</span> <span class='ocrx_word' id='word_1_440' title='bbox 292 2921 403 2973; x_wconf 86' lang='lat' dir='ltr'>sacrilegiis</span> <span class='ocrx_word' id='word_1_441' title='bbox 417 2920 553 2962; x_wconf 90' lang='lat' dir='ltr'>venerandum</span> <span class='ocrx_word' id='word_1_442' title='bbox 568 2922 700 2963; x_wconf 89' lang='lat' dir='ltr'>eucharistiae</span> <span class='ocrx_word' id='word_1_443' title='bbox 712 2921 834 2974; x_wconf 78' lang='lat' dir='ltr'>mysterium,</span> <span class='ocrx_word' id='word_1_444' title='bbox 851 2926 871 2961; x_wconf 88' lang='lat' dir='ltr'>et</span> <span class='ocrx_word' id='word_1_445' title='bbox 885 2918 939 2959; x_wconf 87' lang='lat' dir='ltr'>ordi-</span> 
     </span>
     <span class='ocr_line' id='line_1_49' title="bbox 86 2976 939 3028; baseline -0.004 -12"><span class='ocrx_word' id='word_1_446' title='bbox 86 2976 174 3016; x_wconf 87' lang='lat' dir='ltr'>nationis</span> <span class='ocrx_word' id='word_1_447' title='bbox 189 2982 336 3017; x_wconf 89' lang='lat' dir='ltr'>sacramentum</span> <span class='ocrx_word' id='word_1_448' title='bbox 351 2979 527 3028; x_wconf 87' lang='lat' dir='ltr'>contaminassent,</span> <span class='ocrx_word' id='word_1_449' title='bbox 536 2991 559 3018; x_wconf 90' lang='lat' dir='ltr'>ac</span> <span class='ocrx_word' id='word_1_450' title='bbox 567 2979 655 3020; x_wconf 81' lang='lat' dir='ltr'>funditus</span> <span class='ocrx_word' id='word_1_451' title='bbox 663 2979 787 3027; x_wconf 87' lang='lat' dir='ltr'>evertissent,</span> <span class='ocrx_word' id='word_1_452' title='bbox 799 2978 840 3019; x_wconf 89' lang='lat' dir='ltr'>iam</span> <span class='ocrx_word' id='word_1_453' title='bbox 847 2977 939 3018; x_wconf 87' lang='lat' dir='ltr'>vidimus.</span> 
     </span>
     <span class='ocr_line' id='line_1_50' title="bbox 82 3033 939 3090; baseline -0.001 -17"><span class='ocrx_word' id='word_1_454' title='bbox 82 3033 168 3084; x_wconf 86' lang='lat' dir='ltr'>-hlirum,</span> <span class='ocrx_word' id='word_1_455' title='bbox 188 3034 207 3075; x_wconf 91' lang='lat' dir='ltr'>si</span> <span class='ocrx_word' id='word_1_456' title='bbox 228 3034 274 3076; x_wconf 86' lang='lat' dir='ltr'>aliis</span> <span class='ocrx_word' id='word_1_457' title='bbox 296 3035 426 3076; x_wconf 86' lang='lat' dir='ltr'>sacramentis</span> <span class='ocrx_word' id='word_1_458' title='bbox 441 3035 566 3090; x_wconf 86' lang='lat' dir='ltr'>pepercisset</span> <span class='ocrx_word' id='word_1_459' title='bbox 580 3036 679 3090; x_wconf 88' lang='lat' dir='ltr'>impietas.</span> <span class='ocrx_word' id='word_1_460' title='bbox 712 3036 815 3089; x_wconf 88' lang='lat' dir='ltr'>Baptismo</span> <span class='ocrx_word' id='word_1_461' title='bbox 833 3034 939 3089; x_wconf 80' lang='lat' dir='ltr'>profanum</span> 
     </span>
    </p>
   </div>
   <div class='ocr_carea' id='block_1_4' title="bbox 0 0 984 3304">
    <p class='ocr_par' dir='ltr' id='par_1_7' title="bbox 0 0 984 3304">
     <span class='ocr_line' id='line_1_51' title="bbox 0 0 984 3304; baseline 0 0"><span class='ocrx_word' id='word_1_462' title='bbox 0 0 984 3304; x_wconf 95' lang='lat' dir='ltr'> </span> 
     </span>
    </p>
   </div>
  </div>
 </body>
</html>
