1936 3304
344 172 368 199 an
384 172 415 199 nn.
431 170 499 198 noran
514 166 629 196 nouncnuu.
668 190 670 192 .
876 154 917 196 493

64 279 112 332 tyris
127 274 205 322 Instini,
221 285 232 312 a
248 284 286 324 qno
302 271 379 324 colligit
394 272 516 312 oblationem
531 270 584 310 hanc
599 269 691 321 corporis
700 275 719 309 et
726 271 829 322 sanguinis
837 269 918 310 Domini

64 335 152 376 secundo
168 329 236 371 seculo
251 328 338 379 viguisse
353 330 374 369 in
387 327 488 369 ecclesia?
517 326 658 368 Psalfinssanc
668 326 745 373 latetur,
761 329 861 369 neminem
871 332 917 367 ante

64 397 155 443 quartum
174 386 273 432 seculum,
290 400 313 426 ex
327 386 357 439 ,iis
379 398 462 438 quoram
479 385 553 436 scripta
569 388 658 431 exstant,
675 395 712 422 nec
728 378 857 435 ἆντίτοπον,
880 396 918 423 uec

64 442 179 501 ἐπίκλησιν
193 443 213 482 in
228 442 308 493 liturgia
320 442 515 482 commcrnorarisse.
545 440 614 491 Scipio
629 453 677 480 vero
694 440 815 479 oblationem
826 441 917 492 corporis

63 515 104 544 non
124 501 203 553 quidem
222 499 339 550 perspicue,
359 499 395 538 sed
417 498 466 537 satis
488 503 553 537 tamen
569 496 656 537 dilucide
671 497 710 536 PP.
727 497 812 536 secundi
831 502 850 536 et
866 497 918 537 tertii

64 558 126 599 seculi
141 556 242 596 indicasse
258 555 323 596 docet.
354 555 407 602 Quin
423 555 482 594 etiarn
498 567 522 594 en
537 567 567 601 eo,
584 554 637 605 quod
652 554 698 602 ΡΡ.,
715 554 749 606 qni
765 560 811 593 ante
827 560 918 605 quartum

64 615 152 656 seculum
167 613 287 660 floruerunt,
307 611 399 651 nonnihil
418 611 502 651 intruere
522 610 559 649 'risi
575 615 621 650 sunt
636 611 661 650 dc
675 611 714 650 hac
730 610 822 662 corporis
839 615 858 649 et
872 622 918 649 san-

66 671 132 723 guinis
149 668 223 709 christi
239 668 339 708 oblatione
354 668 492 714 eucharistica,
517 673 575 719 atque
591 680 615 707 ex
630 680 661 716 eo,
678 667 732 720 quod
748 667 813 707 secuti
829 667 867 706 ΡΡ.
884 666 918 705 de-

64 728 117 775 inde,
138 727 177 766 boc
192 729 223 765 cst
238 725 305 765 seculo
322 730 391 777 quarto
408 730 428 764 et
443 725 512 776 quinto
529 724 580 774 clarc
596 736 641 764 sese
657 725 781 776 explicarunt
796 724 919 764 affirmantes

65 796 137 835 eorpus
156 782 224 821 offerri
240 781 314 821 Christi
333 781 354 821 in
370 781 500 821 eucharistia:
520 781 567 820 inde
582 781 673 821 llalleius
688 782 792 833 praeclare
809 780 918 828 concludit,

63 841 142 893 priores
162 850 241 890 quoque
255 838 294 878 ΡΡ.
314 838 352 878 hac
368 839 388 877 in
403 851 425 878 re
440 850 485 878 cum
499 837 647 889 posterioribus
663 838 794 878 concordare.
811 838 919 878 ‘Ceterum

64 895 265 947 argumentationem,
290 908 349 947 quam
362 908 416 948 patre
425 898 544 947 cepaticum
558 894 670 945 appellant,
693 908 738 934 curn
753 892 864 945 Baroniob
880 907 918 933 nos

65 965 144 1005 qnoque
159 956 251 1004 putamus
266 951 364 992 levissimi
380 964 425 992 esse
439 950 542 998 momenti,
557 950 686 1002 potissimum
702 951 720 990 si
735 952 777 991 sola
794 952 825 1000 sit,
843 956 863 991 et
877 963 917 990 non

65 1010 104 1049 alio
120 1013 280 1060 argumentorum
296 1020 369 1059 genere
384 1008 440 1047 l'nlta.
471 1008 610 1048 Verumtamen
626 1020 686 1059 annn
702 1008 810 1048 Lutberani
826 1008 851 1047 ad
865 1008 919 1047 hanc

64 1065 189 1118 probationis
212 1064 300 1116 speciem
321 1077 465 1116 nonnunquam
489 1064 596 1114 confugere
616 1064 704 1111 soleant,
727 1072 749 1103 nt
771 1070 828 1104 acute
843 1064 920 1104 notavit

64 1119 204 1172 Basnagins‘2),
220 1121 249 1160 nil
263 1122 336 1161 mirum
351 1121 368 1160 si
384 1134 406 1160 ea
423 1120 529 1171 aliqnando
546 1126 565 1159 et
577 1119 645 1170 Scipio
662 1120 808 1160 disertissimus
823 1133 872 1160 usus
889 1125 920 1160 est

65 1178 164 1218 advoces
180 1172 305 1227 ἀντίτυπον,
328 1182 348 1216 et
363 1176 449 1228 Spiritus
466 1176 529 1215 sancti
545 1171 661 1231 ἐπίκλησιν
677 1176 813 1226 exagitandos.
845 1177 919 1224 Quam-

66 1247 123 1287 quam
139 1233 233 1273 debuisse
253 1239 300 1272 tunc
315 1245 357 1272 eam
372 1233 501 1284 potissimum
517 1232 696 1283 argumentationis
712 1233 801 1284 speciem
817 1233 919 1280 adbibere,

64 1295 120 1343 patet
135 1303 158 1330 er
172 1290 241 1340 regula
256 1289 357 1329 Guilielmi
370 1290 420 1329 Care
435 1289 464 1329 ibi
479 1289 563 1336 laudata,
580 1302 640 1341 quum
655 1297 796 1341 argumetum
811 1291 893 1330 attactam
908 1303 920 1329 d

65 1348 145 1387 silentio
161 1348 261 1391 electoris,
278 1349 313 1399 qui
326 1359 368 1386 rein
381 1346 521 1398 prolicissimc
538 1346 658 1392 slcscra'bcns,
675 1354 693 1386 ct
709 1350 784 1394 cnunc,
801 1359 850 1399 qaino
865 1346 920 1386 bared

64 1406 132 1454 raraque
145 1400 193 1443 sinat
207 1405 307 1452 alternanti,
324 1403 429 1442 crcncnlcns
442 1403 464 1442 id
479 1409 544 1442 tortian
560 1409 618 1451 tecet,
634 1403 838 1456 qaodcscqrn'ort'bns
848 1410 920 1443 stricto-

66 1461 122 1499 ribus
138 1465 311 1505 cotrcartcmorutnr,
327 1459 460 1510 ipscPlallius
475 1458 558 1497 minime
573 1458 680 1509 improbet.
711 1459 777 1506 Quum
793 1465 919 1499 antenrmar-

65 1523 96 1567 tpr
110 1515 197 1555 lustinus
212 1514 313 1565 liturgiam
328 1514 444 1554 describens
460 1515 557 1555 ecclesiae
572 1514 641 1565 plures
655 1527 726 1566 preces
742 1515 851 1567 collegerit,
867 1529 919 1556 raun-

66 1584 124 1623 quam
140 1578 206 1610 tamen
221 1571 335 1610 meminerit
350 1566 465 1627 ἔπίκίησιν
485 1583 545 1622 quum
561 1571 682 1611 oblationem
697 1572 783 1623 pluries,
804 1577 863 1624 atque
878 1584 920 1612 non

65 1640 105 1667 unc
121 1628 201 1667 nomine
216 1627 326 1674 vocaverit,
342 1627 523 1677 itemqueoblatas
538 1639 582 1674 res,
597 1639 696 1679 nusquam
713 1633 778 1668 tamen
794 1628 920 1668 inveniamus

66 1684 90 1724 ab
107 1697 130 1723 eo
146 1683 256 1723 adhibitam
270 1695 339 1723 vocem
356 1678 481 1733 ἀντίτυπον,
497 1696 537 1723 non
551 1683 610 1723 video
625 1685 733 1733 mehercle,
750 1698 785 1725 cur
799 1686 920 1725 utirninirne

66 1740 156 1779 debuerit
171 1740 240 1791 Scipio
256 1740 427 1791 argumentatione
442 1752 453 1779 a
468 1740 549 1779 silentio
564 1739 638 1791 petita,
655 1753 706 1792 quae
721 1754 781 1789 sane,
798 1754 821 1782 ea
835 1742 920 1790 ratione,

67 1809 105 1847 qua
119 1796 153 1835 bic
166 1809 215 1835 usus
231 1800 267 1843 est,
283 1808 323 1835 non
338 1802 417 1847 poterat
431 1809 496 1848 neque
512 1796 603 1836 aPl'aflio
618 1797 728 1848 repudiari.
758 1798 811 1849 Ergo
824 1798 867 1838 iure
877 1798 921 1838 Sci-

66 1852 100 1904 pio
116 1852 218 1892 concludit
232 1851 282 1892 nibil
297 1852 363 1892 nrinus
378 1852 471 1892 Psailium
487 1853 591 1905 probasse,
608 1866 667 1904 quam
682 1854 708 1902 id,
726 1855 780 1905 quod
795 1854 834 1894 sibi
844 1867 921 1907 propo-

67 1915 134 1948 suerat
148 1909 173 1948 ad
187 1908 319 1960 probandum.

122 1965 231 2016 Postquam
252 1977 299 2004 vero
314 1964 393 2004 ratione
408 1970 428 2003 et
443 1964 556 2004 coniectura
573 1964 640 2004 effecit
656 1965 725 2017 Scipio
741 1965 882 2015 doctissimus,
899 1976 921 2008 ut

67 2027 181 2073 appareret,
198 2019 302 2060 ecclesiam
317 2021 388 2072 primis
404 2020 527 2071 terrrporibas
542 2022 562 2059 in
578 2020 699 2061 eucharistia
715 2034 788 2074 corpus
805 2029 825 2063 et
839 2025 921 2076 sangni-

67 2089 113 2116 nem
122 2076 194 2116 Christi
211 2077 283 2115 offerre
299 2076 433 2124 consuevisse,
448 2077 576 2127 progreditur
591 2076 663 2116 deinde
679 2078 704 2117 ael
719 2085 858 2130 argumentum
866 2094 920 2121 snm-

68 2139 108 2172 tum
124 2146 134 2172 a
149 2132 187 2172 ΡΡ.
203 2132 330 2183 antiquorum
345 2132 477 2181 testimoniis,
494 2145 532 2184 quo
548 2132 599 2171 nihil
614 2145 662 2173 sane
677 2134 763 2174 validius
777 2141 846 2187 potest
861 2150 921 2177 exeo-

68 2188 134 2239 gitari,
154 2194 229 2228 utnon
244 2188 344 2240 probabili
359 2194 445 2236 tantum,
465 2189 500 2228 sed
516 2189 627 2229 certissima
641 2190 828 2231 mathematicorum
842 2194 921 2234 ratione

68 2245 192 2285 conclusisse
207 2244 294 2285 dicatur:
311 2245 353 2285 eius
369 2249 434 2285 autem
444 2245 571 2285 ratiocinatio
580 2251 647 2298 potest
654 2247 678 2286 ad
687 2247 741 2287 lrnnc
749 2249 831 2288 modum
840 2251 920 2302 erponi.

102 2380 124 2419 V.
142 2380 201 2427 Quod
215 2393 240 2419 ec
256 2380 312 2421 dictis
326 2380 359 2421 ccl
373 2383 455 2433 scriptis
470 2381 494 2421 ot
510 2380 576 2433 aliquo
592 2390 675 2422 crictorc
687 2385 782 2435 procaciae
798 2391 818 2424 ct
829 2396 921 2436 prorsus

139 2439 254 2476 rteccssario
276 2441 414 2490 cotascqua'tnr,
438 2438 459 2477 id
480 2439 560 2476 etiarnsi
573 2445 604 2477 est
618 2438 642 2477 ab
658 2451 679 2478 οο
694 2442 774 2479 laetaniae
791 2440 866 2480 dictum
889 2443 922 2482 cel

140 2496 247 2587 spaaptnm,
264 2500 352 2535 cracaben
367 2502 461 2546 tarrqucm
477 2494 551 2534 alienon
565 2493 597 2533 cel
612 2497 711 2547 scriptum
725 2497 749 2536 at
765 2495 923 2542 codembcbcn-

141 2561 187 2588 tram
202 2555 237 2588 est.

125 2636 202 2676 Veritas
220 2637 279 2676 buius
299 2639 381 2678 canonis
396 2638 422 2678 iis
437 2651 477 2678 non
492 2644 560 2690 potest
574 2651 615 2678 non
630 2651 675 2679 esse
690 2641 809 2693 perspicua,
830 2645 864 2696 qui
880 2658 923 2685 earn
940 2661 943 2665 ·

71 2691 142 2730 callent
164 2692 283 2741 doctrinam,
306 2707 366 2746 quam
384 2695 484 2735 dialectici
506 2696 586 2734 tradunt
605 2696 629 2734 de
650 2696 829 2740 demonstratione.
864 2702 923 2749 Quod

70 2747 122 2785 enim
138 2747 182 2786 ssuit
196 2750 310 2788 necessario
326 2763 350 2790 ex
365 2751 481 2798 antedictis,
502 2751 522 2790 id
537 2751 558 2790 in
574 2751 680 2791 antedictis
696 2755 824 2796 contineatur
837 2770 923 2798 necesse

70 2807 107 2842 est.
136 2803 192 2843 Unde
206 2803 296 2844 Nizolins
310 2807 412 2857 praeclare
427 2804 514 2858 inquit3)
530 2807 607 2859 „Atque
622 2807 649 2848 ita
665 2809 688 2848 ab
705 2823 736 2860 eo,
753 2814 807 2865 qnod
822 2814 869 2854 talia
881 2820 923 2855 tota

71 2858 178 2907 continent,
193 2860 280 2900 vernon
295 2862 398 2902 continent
412 2862 498 2914 aliquam
512 2869 595 2915 partem,
610 2865 642 2904 rel
656 2871 725 2918 partes
734 2881 804 2911 onmes
813 2871 923 2924 syllogismi

116 2983 132 3022 tl
145 2984 189 3017 Toni.
204 2983 218 3015 l.
265 2982 281 3024 2)
293 2984 334 3017 Hist.
347 2984 366 3017 de
378 2975 435 3027 l'eglis.
448 2985 490 3018 rrer.
536 2986 553 3028 3)
566 2987 600 3021 Lib.
614 2989 629 3021 1.
643 3001 677 3034 cap,
690 2992 706 3027 l.
