1936 3304
326 171 351 199 nn
367 172 506 201 ouosrrconun
520 172 590 201 nanus.
847 160 888 201 133

33 285 91 330 qoem
105 271 119 311 ii
134 270 219 323 Bythum
234 270 369 320 nominabant,
385 272 419 313 ille
427 273 533 315 Hominem
549 272 665 327 appellaret,
681 276 703 311 ut
718 278 787 312 auctor
802 273 888 325 estEpi-

32 329 124 387 phanius.
153 328 224 368 Eidem
239 327 323 381 insuper
337 329 577 382 adscribittlrigenesh,
594 330 648 383 quon
663 329 750 369 animam
765 334 835 369 natura
850 331 887 370 im-

33 386 136 430 mortalem
151 397 252 425 essenon
267 385 396 434 existimaret,
412 387 448 427 sed
464 388 621 439 corruptibilem.
650 387 676 427 At
691 399 714 426 ea
723 391 766 425 erat
775 387 887 427 communis

32 441 214 486 Valentinianorum
235 442 324 483 omnium
343 443 368 483 de
383 443 449 483 anima
464 444 545 485 animali
560 444 670 491 sententia,
692 455 752 495 quam
770 443 802 483 vel
820 443 887 495 perire

33 501 63 542 vel
78 497 151 539 servari
167 499 269 551 putabant,
285 504 345 551 prom
359 499 443 540 meliora
457 501 488 541 vel
504 502 604 542 deteriora
619 501 720 552 elegisset.

87 556 121 596 94.
144 556 183 596 Sed
198 561 221 596 ut
234 557 259 596 ad
274 556 295 596 id
309 561 442 606 revertamur,
457 557 510 597 unde
526 558 612 609 digressi
626 570 703 604 sumus,
719 555 810 610 quilibet,
826 555 886 596 etiam

32 612 142 656 tacentibus
157 612 223 661 nobis,
238 612 343 665 perspicit,
359 613 452 665 superius
468 615 569 666 expositas
584 615 732 655 haeretieorum
748 612 885 653 redemtiones

31 681 122 713 rrranasse
138 669 162 709 ab
177 669 261 721 impuris
273 669 403 710 Ethnieorurn
419 670 556 718 initiamentis,
573 685 623 724 quae
638 671 688 712 tanti
703 672 770 711 fecere
779 669 885 717 Platonici,

32 727 87 769 tetris
101 738 205 777 magorum
221 726 297 766 artibus
311 739 360 779 prae
376 727 448 768 ceteris
456 728 571 780 mancipati.
601 728 687 769 Utenim
697 728 757 768 certis
766 727 886 779 quibusdam

32 784 101 826 ritibus
117 795 140 822 ac
155 783 288 823 eaeremoniis
298 783 404 823 Gentilium
419 791 494 837 mystae
509 785 639 826 secretiorum
649 798 773 838 quorumque
782 796 885 824 sacrorum

32 839 139 895 participes
154 840 228 887 effecti,
243 840 374 892 paerseetienis
390 841 467 893 apicem
483 842 573 892 attigisse
589 842 731 883 censebantur:
752 841 782 881 sic
797 845 817 880 et
832 841 885 893 apud

31 895 140 940 llarcosios
155 896 189 949 qui
203 897 340 947 redemtionis
350 897 422 938 ritibus
437 899 499 938 semel
514 899 620 939 defunctus
633 911 751 939 areanorum
761 903 828 938 sectae
836 910 884 937 con·

31 954 83 995 scius
98 954 163 993 sactus
177 954 251 999 iuerat,
272 954 296 993 ad
310 954 442 1007 perfeetionis
457 955 535 995 culmen
551 961 630 996 evectus
646 956 803 995 existimabatur.
832 954 885 994 Hine

32 1010 153 1052 initiationes
166 1010 258 1051 Etlmicis
273 1011 338 1051 dictae
346 1006 439 1061 rotarat,
456 1012 501 1063 [pria
509 1012 654 1064 perlectionem
662 1013 733 1052 afferre
741 1011 883 1051 credebantur:

31 1066 134 1109 llm‘cusiis
148 1080 195 1107 uero
211 1062 383 1123 ἀπολυτρώσεις,
399 1070 452 1120 quod
467 1069 569 1108 hominem
586 1070 610 1108 ab
619 1069 673 1109 omni
685 1068 813 1108 mortalitatis
821 1069 884 1113 saecu,

33 1130 52 1165 et
66 1124 240 1176 imperfectiorum
254 1125 322 1165 radice
337 1124 457 1176 ignorantia,
472 1125 588 1166 liberarent.
617 1126 703 1165 Easdem
718 1125 760 1165 suis
769 1125 886 1175 frequenter

34 1180 159 1221 inculcabant
172 1180 281 1229 Platonici,
302 1192 339 1221 eeu
354 1181 378 1221 ad
394 1181 472 1221 animae
486 1182 626 1234 purgationem
642 1183 733 1235 apprime
748 1181 884 1221 necessarias:

36 1244 132 1290 quatenus
146 1237 246 1289 religiosis
260 1237 340 1286 ritibus,
355 1242 378 1278 nt
391 1239 498 1285 vocabant,
515 1244 621 1291 erlrnrgata
637 1239 712 1284 anima,
732 1245 777 1290 alita
793 1238 886 1278 euaderet

35 1294 118 1335 adDeos
133 1294 281 1347 suscipiendos,
296 1294 429 1347 fatidicaeque
444 1308 513 1335 eornm
529 1295 634 1348 potestatis
650 1295 751 1347 particeps
765 1296 829 1334 tieret.
848 1295 886 1335 Le-

35 1357 91 1403 gatur
104 1351 225 1391 lamblichus
240 1352 293 1392 Sect.
308 1365 348 1399 nn,
363 1365 381 1392 r.
398 1358 450 1392 etr.
484 1353 523 1392 Sed
542 1353 602 1393 sicuti
618 1365 641 1393 ex
656 1351 763 1393 haereticis
778 1351 839 1404 aliqui
856 1351 886 1390 di-

34 1408 77 1448 uina
95 1408 189 1460 mysteria
208 1421 295 1460 porres
313 1408 399 1449 sensiles
418 1413 438 1449 et
456 1422 564 1461 corporeas
582 1409 697 1461 peragenda
716 1421 761 1448 esse
775 1408 885 1459 negabant:

34 1465 63 1505 sic
79 1465 137 1505 etiam
153 1479 177 1506 en
190 1466 301 1505 Platonicis
316 1466 402 1518 qnidam,
417 1467 576 1518 utPorphprius,
592 1466 732 1506 existimabant
745 1478 803 1505 osum
819 1478 886 1505 rernm

34 1521 165 1561 materialium
180 1521 201 1561 in
216 1522 279 1562 sacris
299 1522 353 1562 band
368 1534 477 1573 congruum
493 1536 537 1563 esse
552 1523 606 1571 Diis,
630 1523 664 1575 qui
680 1536 689 1562 a
706 1522 788 1562 materia
804 1522 886 1562 omnino

35 1579 106 1619 secreti
130 1578 223 1619 existunt.
251 1579 274 1619 Id
292 1591 340 1619 vero
356 1578 395 1619 sibi
411 1580 435 1618 de
455 1592 490 1619 sua
505 1579 630 1619 redemtione
645 1579 772 1631 spondebant
786 1578 886 1625 hlarcosii,

35 1640 55 1675 ut
70 1648 114 1675 eum
129 1635 260 1687 perfectionis
275 1636 364 1687 gradum,
379 1635 547 1688 perfectissimam
561 1636 656 1676 uidelicet
670 1641 690 1676 et
696 1635 786 1675 attinens
793 1634 886 1675 ominbus

35 1691 155 1740 absolutam,
170 1704 209 1744 qua
224 1692 267 1731 sola
282 1697 322 1732 stat
336 1693 400 1739 salus,
417 1692 551 1744 cognitionem
566 1692 676 1733 ineffabilis
692 1692 780 1738 virtutis,
797 1704 836 1743 quo
851 1704 886 1731 ne-

35 1749 114 1801 quidem
127 1749 188 1789 Petro
203 1754 224 1789 et
237 1748 310 1796 Paulo,
333 1754 367 1789 aut
382 1748 416 1789 alii
431 1749 493 1789 cuivis
509 1750 645 1802 apostolorum
661 1749 699 1799 (sic
713 1748 887 1800 blasphemabant)

35 1806 139 1857 pervenire
153 1807 183 1845 fas
199 1806 242 1854 tuit,
258 1805 357 1854 assecuti3
376 1818 414 1846 nec
428 1806 486 1854 hinc,
508 1806 603 1858 quamdiu
617 1806 716 1852 viverent,
733 1805 833 1852 excidere,
849 1818 887 1846 nec

36 1875 45 1902 a
60 1862 129 1915 quavis
143 1862 243 1902 mundana
258 1867 358 1915 potestate
373 1867 519 1916 postmortem
534 1863 631 1904 retardari
646 1867 740 1915 possent,
761 1863 809 1913 quin
825 1861 887 1901 desti-

34 1926 90 1959 natas
112 1919 151 1959 sibi
173 1919 193 1958 in
215 1919 325 1972 pleromate
344 1920 402 1960 sedes
422 1919 489 1960 statim
509 1925 644 1972 capesserent.
676 1919 814 1959 Redemtionis
833 1919 888 1958 enim

34 1975 131 2016 beneficio
147 1976 205 2024 effici,
221 1981 249 2021 ut,
265 1975 361 2027 quidquid
378 1975 467 2027 egissent
480 1976 500 2015 in
515 1977 553 2016 hac
567 1976 613 2024 uita,
630 1989 640 2016 a
656 1975 722 2016 iudice
736 1988 774 2015 nec
782 1975 886 2027 prehendi,

34 2044 70 2072 nec
85 2033 176 2085 conspici
191 2039 282 2085 possent.
310 2032 423 2085 Eapropter
441 2033 508 2073 omnia
523 2033 561 2072 sibi
576 2033 638 2073 licere
654 2032 755 2081 arbitrati,
775 2031 887 2072 facinorum

35 2089 122 2129 omnium
138 2103 161 2129 ac
175 2089 281 2129 libidinum
296 2102 359 2129 coeno
373 2089 459 2129 volutari
473 2102 514 2129 non
530 2090 681 2130 erubescebant.
711 2089 766 2130 llaec
781 2088 886 2129 erantexi-

35 2145 81 2185 tiosi
101 2145 199 2198 dogmatis
217 2145 332 2186 necessaria
352 2146 487 2194 consectaria,
506 2147 582 2186 utiam
598 2146 734 2199 exposuimus.
766 2145 824 2192 Quod
838 2158 885 2185 vero

34 2201 124 2242 barbaris
139 2202 259 2255 quibusdam
272 2203 361 2251 vocibus,
376 2203 529 2256 peregrinisque
544 2215 567 2243 ae
581 2202 669 2243 insolitis
679 2202 886 2242 verborumtormnlis

34 2258 130 2300 haeretici
144 2273 192 2311 suos
206 2259 310 2300 initiantes
324 2267 433 2308 uterentur,
449 2260 599 2313 pythagoricum
611 2260 671 2300 etiam
679 2265 699 2299 et
706 2258 829 2311 platonicum
837 2266 885 2298 erat.

35 2314 87 2363 Quia
102 2321 122 2356 et
136 2322 232 2369 quantum
247 2316 346 2357 eiusmodi
359 2317 462 2357 vocabulis
476 2317 498 2356 in
507 2317 614 2357 Gentilium
629 2316 692 2356 saeris
707 2314 802 2356 adhibitis
810 2314 884 2354 tribue-

34 2378 78 2413 rent
91 2374 214 2425 Pythagorae
230 2378 250 2413 et
263 2373 353 2414 Platonis
369 2373 473 2425 discipuli,
493 2379 564 2414 notum
587 2378 618 2414 est
636 2386 660 2413 ex
674 2371 779 2424 Porphyrii
799 2370 885 2422 epistola

35 2429 58 2468 ad
72 2430 188 2471 Anehonem
204 2436 224 2470 et
237 2429 342 2470 lambliehi
357 2430 410 2470 Sect.
425 2444 460 2469 vn.
475 2443 519 2482 cap.
533 2431 554 2471 d.
570 2435 590 2469 et
604 2428 623 2469 5.
643 2435 664 2468 ut
678 2429 729 2468 alios
744 2433 826 2467 taceam.
855 2428 885 2468 Ea

33 2484 81 2527 licet
93 2486 211 2527 mortalibus
226 2487 303 2537 ignota,
324 2499 385 2527 sensu
399 2487 517 2538 plerumque
531 2499 602 2533 vantra,
624 2491 643 2525 et
657 2484 804 2535 significatione
819 2497 884 2531 cassa,

34 2554 81 2593 prae
103 2544 175 2584 ceteris
194 2549 261 2584 tamen
280 2543 387 2583 convenire
405 2543 478 2583 [livinis
497 2542 646 2583 existimabant:
669 2546 710 2580 tum
726 2541 780 2592 quod
795 2540 883 2582 diuinum

35 2599 81 2649 quid
96 2600 218 2641 obscuritate
232 2613 268 2641 sua
283 2599 389 2653 spirarent,
403 2600 469 2652 iisque
483 2599 548 2640 maior
562 2600 630 2638 inesse
643 2598 680 2644 vis,
697 2597 799 2649 emphasis
812 2604 832 2638 et
838 2598 883 2638 bre-

34 2654 83 2696 uitas
99 2664 225 2698 censeretur:
239 2663 282 2697 tum
298 2657 350 2709 quod
365 2657 386 2697 in
401 2656 482 2708 lsspta
497 2661 516 2697 et
530 2656 618 2707 Aegypto
633 2655 710 2707 pridem
725 2659 833 2706 usurpata,
848 2655 883 2695 ubi

34 2713 119 2762 primum
134 2715 219 2755 Deorum
235 2714 300 2755 cultus
315 2714 408 2763 effloruit,
422 2714 496 2767 hisque
510 2713 575 2753 maius
590 2725 613 2753 ac
627 2711 752 2763 frequentius
768 2724 812 2751 eom
828 2724 882 2751 mm—

35 2768 399 2819 talibusintercessitcommercium,
419 2783 442 2811 ea
460 2770 533 2811 ceteris
548 2769 639 2809 omnibus
655 2768 779 2820 antiquiora,
798 2768 881 2820 Diisque

33 2826 111 2868 notiora
126 2841 149 2868 ac
163 2827 293 2868 familiariora
308 2841 353 2868 esse
367 2828 488 2868 uiderentur.
524 2826 601 2875 Quibus
620 2825 694 2866 iisdem
708 2825 819 2866 rationibus
835 2837 880 2876 per-

32 2883 81 2923 moti
94 2885 194 2934 blarcosii,
208 2884 309 2933 hebraica,
324 2884 426 2926 chaldaica
441 2890 461 2925 et
475 2884 551 2937 spiare
564 2881 662 2924 voeabula
677 2882 722 2923 aliis
737 2881 830 2922 onmibus
846 2894 880 2945 an-

28 2964 236 2978 Q

76 3009 91 3048 ll
104 2985 147 3052 Orig.
159 3012 187 3045 To.
199 3011 251 3044 xvnt.
264 3011 280 3043 in
292 3011 314 3043 lo.
327 3021 342 3053 p.
355 3009 393 3042 255.
