1936 3304
65 202 106 242 too
190 209 215 237 iv.
239 208 370 237 orssnurario
386 208 523 236 srocoourtca
537 209 563 235 uu
578 208 702 236 raaounurrs
718 208 797 236 ianuam

65 310 185 351 benevolum
200 322 247 361 erga
262 323 299 350 nos
315 312 406 350 allectum
421 320 462 348 tion
478 307 522 348 sine
538 320 621 356 summa,
638 322 675 360 qua
691 310 756 362 ipsum
764 309 919 362 coleresemper

65 367 176 420 pergimus,
189 367 319 408 veneratione
335 365 479 411 exosculamur,
495 364 622 416 cogitandum
638 377 691 405 nunc
706 366 848 418 relinquimus,
863 379 917 414 num,

65 425 127 464 rebus
143 424 173 463 sic
188 424 293 471 stantibus,
309 422 390 473 dignum
407 421 482 473 aliquid
496 421 555 462 laude
569 421 697 473 virorumque
710 424 836 463 cordatorum
845 436 918 475 appro-

66 481 148 520 batione
163 482 285 527 faceremus,
308 479 336 526 si,
353 478 406 530 aliod
421 483 488 518 tamen
503 477 602 530 tantisper
617 483 734 530 exspectare
748 479 827 520 ridetur
835 479 857 531 ¹),
872 492 918 520 sen-

66 539 149 577 tentiam
164 537 209 576 heic
223 540 313 575 nostram
327 540 456 581 mutaremus,
472 535 527 575 nullo
542 540 609 575 sectae
624 541 658 575 aut
671 535 840 587 praeiudiciorum
849 537 918 579 delen-

67 595 178 634 dendorum
196 592 232 632 secl
252 592 295 632 solo
315 591 404 631 veritatis
424 591 491 632 studio
512 592 641 645 eiusdemque
661 591 760 632 evidentia
774 594 833 645 longe
848 593 919 634 certis-

68 651 118 691 sima
132 649 239 690 suffultam.

340 783 648 826 EHIMETPON.

125 877 191 925 Quum
206 880 344 927 argumentum
359 876 384 915 cle
399 875 551 915 consecratione
560 875 693 916 eucharistica
701 875 798 916 hactenus
806 876 851 916 dota
860 889 920 929 opera

67 933 205 979 revolverimus,
222 944 232 971 e
247 944 269 971 re
284 936 352 971 nostra
368 944 413 972 esse
428 932 553 979 arbitramur,
569 932 690 971 sententiam
705 945 784 984 qrioquc
800 940 880 973 nostrae
888 947 920 974 ec-

68 990 141 1029 clasiae
156 989 222 1042 paullo
238 987 359 1028 luculentius
374 988 407 1028 lric
423 988 529 1040 explicam.
559 988 657 1028 Martinus
672 988 772 1028 Lutherus
792 990 829 1036 ait,
849 1002 920 1030 conse-

68 1046 178 1085 crationem
197 1044 250 1085 nulla
270 1044 381 1085 sacerdotis
396 1054 456 1096 prece
472 1044 508 1084 sed
523 1044 662 1096 omnipotente
676 1045 712 1084 Dei
727 1044 800 1085 virtute
814 1046 859 1086 lieri
873 1059 920 1098 pro-

67 1103 113 1142 latis
135 1101 269 1142 institutionis
290 1101 369 1147 veihis,
392 1114 443 1153 quae
461 1101 554 1141 minister
579 1100 677 1141 ecelesiae
696 1106 791 1153 tanquam
812 1114 920 1154 personam

69 1159 144 1199 Christi
160 1171 231 1210 gerens
246 1158 323 1198 recitet.
353 1158 394 1198 Nec
409 1158 538 1198 determinari
554 1170 634 1210 quomre
648 1170 710 1210 posse
726 1164 860 1207 momentum,
880 1172 920 1211 quo

69 1228 143 1268 corpus
159 1215 233 1256 Christi
248 1215 269 1254 in
284 1228 301 1254 s.
317 1227 379 1254 coena
395 1228 440 1255 esse
455 1214 544 1266 incipiat,
560 1214 602 1254 sive
618 1215 652 1254 ilas
668 1228 697 1255 atu
713 1215 856 1267 (taratantara.
871 1216 920 1256 Vide

69 1272 126 1311 Tam.
142 1285 167 1311 rr.
182 1273 224 1311 len.
241 1271 306 1310 Germ.
322 1272 336 1311 l.
352 1273 400 1313 378.
416 1271 607 1311 etTom.v1.len.
623 1271 688 1310 Germ.
703 1272 773 1313 [283.
803 1271 921 1313 Licetenim

68 1331 89 1368 ia
105 1329 148 1368 alena
163 1329 251 1368 lriirtzen
265 1328 393 1368 Balsarttuass
409 1340 449 1367 aaa
464 1328 507 1367 alera
514 1326 540 1366 H.
549 1328 672 1367 Aberahaalrl
687 1340 732 1368 arro.
742 1325 802 1369 1544ss
811 1329 868 1368 Tem.
877 1342 920 1370 vm.

68 1384 189 1436 Ieu.Gernu
201 1384 214 1424 f.
232 1385 279 1424 182.
295 1385 387 1432 asseruit,
403 1397 425 1423 sc
440 1383 570 1423 elevationem
586 1389 633 1434 post
648 1384 700 1423 dicta
714 1384 847 1424 institutionis
861 1386 922 1426 verba

68 1442 165 1481 hacteuus
184 1439 303 1487 retinuisse,
324 1440 370 1492 quia
389 1452 510 1480 consecrans
530 1440 568 1479 hac
587 1439 665 1479 ratione
684 1440 758 1480 dictum
777 1441 834 1481 velit:
856 1442 921 1490 Sata,

70 1498 118 1538 liobe
135 1497 237 1543 Claristea,
254 1497 289 1537 clas
304 1499 332 1536 ist
347 1497 383 1537 ilar
398 1497 454 1541 tero,
471 1496 507 1536 cler
521 1497 559 1547 fiir
574 1496 622 1536 eraclo
636 1497 720 1548 papaten
734 1499 774 1545 ist,
794 1497 842 1538 licet
861 1500 922 1539 etiam

68 1554 90 1593 in
105 1566 198 1594 sermone
214 1559 283 1593 cotnra
298 1553 416 1593 Suerrneros
432 1565 478 1592 ann.
495 1554 549 1593 1526
564 1552 633 1592 habito
648 1553 751 1593 insinuare
765 1553 862 1603 videatur,
883 1556 921 1596 Pa-

69 1611 133 1662 pistas
149 1623 222 1662 corpus
230 1609 304 1650 Christi
318 1622 364 1650 vere
380 1610 400 1649 in
412 1614 537 1649 sacramento
553 1609 627 1648 habere
643 1614 663 1648 et
675 1609 836 1660 circumgestare,
852 1624 921 1664 quam-

68 1667 99 1707 ris
114 1668 153 1707 hoc
169 1666 212 1706 siue
227 1667 321 1706 rnandato
337 1666 417 1714 iaciant,
432 1671 473 1705 tum
489 1671 562 1713 tanton,
578 1678 638 1717 qumn
653 1666 741 1718 penitius
756 1679 797 1706 rem
812 1669 921 1720 perspexit,

70 1723 130 1762 aliam
144 1723 196 1763 itam
211 1723 263 1762 iniit.
295 1723 360 1770 Quum
375 1723 428 1762 enim
442 1722 539 1762 Martinus
554 1723 653 1769 BuceruS,
673 1722 753 1763 maximi
771 1723 842 1764 iudicii
856 1725 886 1765 vir
900 1725 922 1765 in

70 1786 169 1819 conuentu
184 1778 300 1819 Cassellanc
316 1791 362 1818 ann.
379 1781 432 1820 1535
462 1778 556 1830 Philippo
570 1777 655 1818 Hassiae
667 1779 778 1830 Langrauio
793 1788 812 1820 et
828 1781 922 1835 Philippo

69 1835 219 1876 hlelanchthoni
235 1835 323 1874 curatius
338 1847 394 1874 suam
409 1842 495 1875 mentem
515 1834 658 1885 euprressissct,
678 1836 754 1884 lassus,
774 1837 826 1889 priori
847 1851 922 1891 corpus

71 1892 149 1934 Glirr'sti
161 1904 208 1931 aare
224 1898 242 1931 ct
256 1891 418 1932 substantialiter
433 1904 445 1931 a
459 1891 516 1931 realis
532 1892 649 1944 acceptetur,
665 1904 725 1943 aitrau
738 1903 865 1935 sacramenta
880 1899 923 1936 ati-

69 1962 125 1995 anum,
147 1948 206 1996 item,
227 1948 280 2000 priori
290 1951 352 2000 panis
368 1955 386 1988 et
400 1950 469 1988 cirtam
484 1949 525 1987 siat
539 1950 597 1999 sipara
612 1947 731 1996 ariaratiae,
751 1950 822 2001 arethas
837 1951 889 1992 alatis
904 1959 923 1992 et

70 2008 156 2057 acceptis
171 2004 232 2044 sraaa
247 2005 306 2044 (letter
322 2012 341 2044 et
355 2006 467 2056 accipiatur
483 2015 557 2055 corpas
567 2003 647 2050 Christi,
663 2016 740 2052 rursus,
753 2018 827 2057 partem
842 2015 860 2047 et
875 2020 922 2048 aar·

68 2074 109 2114 pas
131 2064 189 2100 sarriri
210 2073 252 2100 aaa
270 2073 308 2112 per
328 2061 488 2100 substantiarum
506 2062 624 2101 mintionem
639 2061 674 2100 secl
688 2068 786 2112 quatenus
801 2063 863 2104 <latter
879 2078 923 2105 cam

70 2123 197 2159 sacramento
212 2117 238 2164 iil,
254 2117 306 2170 pacari
321 2124 446 2158 sacramento
459 2118 600 2169 prarnittitcr,
617 2115 655 2156 etsi
670 2117 707 2158 suh
722 2118 754 2158 his
769 2119 876 2160 verborum
890 2134 921 2162 sa-

72 2212 279 2219 ..-...-.-—..-..-.-.

117 2263 133 2303 l)
145 2264 180 2295 Huc
191 2264 272 2305 pertinent
284 2265 313 2295 ista
326 2263 383 2303 verba,
400 2272 417 2295 cr
430 2263 488 2305 quibus
501 2272 581 2295 summum
592 2263 620 2295 riri
633 2262 717 2295 clarissimi
729 2264 745 2296 in
757 2275 787 2298 nos
800 2267 873 2300 affectum
883 2278 922 2310 pcr-

71 2310 149 2352 spicimus
158 2308 174 2350 §2
182 2309 209 2341 31.
221 2319 258 2350 pag⁴
266 2309 397 2341 laterannis:
411 2308 440 2340 coe
452 2319 468 2340 se
479 2310 510 2340 ruci
521 2312 561 2340 sotto
574 2309 595 2349 pli
607 2309 650 2341 ccclii
662 2309 697 2341 sicll’
710 2333 723 2341 a.
732 2334 747 2341 ..
760 2311 850 2355 Sinnl’faff
860 2314 923 2347 danesse

72 2356 131 2396 copitar
148 2359 202 2395 alceste
218 2355 271 2387 lettera
284 2366 291 2387 e
303 2355 377 2386 carretae
390 2358 419 2386 etc.
432 2355 456 2386 chi
469 2364 491 2394 sa,
506 2354 545 2392 ilico,
559 2364 590 2385 rica
601 2355 661 2386 vertisse
673 2365 682 2386 a
695 2355 738 2387 riurei
750 2355 815 2389 l'ulthaa
825 2368 873 2399 prora
886 2359 923 2392 d’on

72 2400 107 2432 oett’
119 2400 200 2439 inlellrlta,
214 2401 246 2432 cla'e
258 2401 274 2432 at
287 2400 349 2441 rarrpiar
361 2399 425 2431 talvolta
437 2400 521 2431 scaleam?
546 2398 604 2440 troppo
616 2401 657 2439 forse
669 2400 684 2432 ia
696 2401 790 2442 culusiano.
815 2402 896 2444 Ceterum,
908 2405 922 2436 si

72 2445 156 2476 convenire
169 2455 211 2477 nuuc
224 2445 288 2487 quidem
301 2446 326 2477 hic
336 2445 352 2476 in
365 2454 414 2476 uuum
426 2454 459 2476 nou
471 2453 570 2484 possumus,
586 2443 602 2474 id
614 2443 671 2475 saltem
683 2454 748 2485 agamus
761 2452 833 2488 opertet,
852 2453 869 2480 nt
880 2450 923 2482 hona

71 2491 103 2522 title
119 2500 215 2531 qraaeramos
231 2491 312 2523 ver-tutem
329 2500 359 2522 nec
375 2495 429 2521 nostra
442 2489 510 2530 quadam
523 2487 570 2529 calpa
583 2489 633 2520 errori
646 2489 691 2521 litare
703 2500 794 2532 pergamus.
818 2493 852 2525 mn
863 2499 922 2535 autern,

72 2536 102 2567 erit
114 2535 199 2576 aliquando
212 2535 239 2567 illa
252 2536 292 2575 aies,
305 2546 345 2577 quae
357 2536 432 2567 tenebras
444 2534 516 2565 humeris
529 2543 570 2564 nunc
583 2534 641 2565 uostris
654 2536 923 2581 incumbenteslucesuadispellet

73 2580 166 2621 accidatque
179 2581 301 2619 controuersias,
314 2580 369 2613 seculo
382 2581 418 2619 hoc,
431 2589 472 2621 quae
484 2579 519 2610 eius
531 2578 630 2619 imperiectio
643 2584 667 2611 est
679 2585 694 2612 et
706 2591 768 2613 summo
778 2583 868 2623 inlelieitas,
881 2595 923 2617 nun-

73 2635 120 2666 quam
133 2625 216 2657 finiendas.
241 2627 260 2658 [lt
272 2626 325 2666 igitur,
338 2627 389 2657 donec
402 2625 429 2656 illa
441 2624 510 2663 tenerit,
523 2624 614 2664 patientiam
628 2625 725 2665 habeamus,
737 2637 799 2669 nosque
811 2628 883 2669 inuicem,
896 2641 923 2662 sc-

72 2670 129 2711 positis
143 2670 196 2702 litibus
209 2676 256 2713 atque
269 2672 360 2711 inimicitiis,
374 2680 452 2709 amemus,
464 2669 543 2709 Donaque
555 2669 621 2709 insuper
635 2675 650 2701 ct
656 2670 736 2703 Christum
744 2672 844 2705 Sermtorern
850 2680 923 2707 uestrum

72 2716 98 2757 pia
116 2720 202 2756 sanctaque
218 2722 271 2748 mente
287 2717 349 2757 uitaque
367 2716 443 2754 meliore,
461 2723 508 2755 quam
525 2713 573 2745 cuiiis
589 2715 656 2747 salutem
673 2716 749 2758 adeptura
767 2719 874 2751 necessariam
887 2731 923 2753 esse

73 2770 129 2792 onines
142 2761 205 2792 tandem
217 2766 271 2793 sectae
283 2762 389 2801 arbitrantur,
403 2760 485 2798 colamus,
497 2758 614 2800 iudiciumque,
631 2761 674 2802 quod
690 2761 705 2793 in
718 2763 773 2794 muudi
785 2766 923 2798 consummatione

73 2815 159 2847 supremus
172 2806 210 2837 olim
223 2807 271 2838 ludex
284 2808 349 2839 dutinus
365 2812 399 2845 cst,
416 2809 521 2846 praepostero
534 2804 643 2846 sacrilegoque
656 2817 705 2846 ausu,
722 2808 782 2840 vibrato
795 2809 837 2841 ultro
851 2811 923 2853 citroque

73 2851 179 2882 anathematis
192 2852 234 2883 huni
248 2852 320 2891 lolrnioe,
334 2852 375 2883 hauil
388 2851 500 2892 anticipemus,
512 2849 528 2880 in
541 2849 575 2880 iura
587 2850 674 2883 maiestatis
687 2862 759 2884 summae
772 2854 831 2896 alioqui
844 2865 876 2887 nen
888 2857 923 2888 siue

74 2896 140 2927 erimine
157 2896 245 2932 involutum,
261 2899 344 2939 prudentio
359 2899 435 2929 hastarum
447 2895 503 2934 exigit,
516 2903 562 2935 qoam
576 2899 591 2926 ct
603 2895 660 2928 illustri
673 2897 746 2930 lisanam
760 2904 815 2931 nostro
828 2900 923 2933 familiarem

74 2950 110 2971 esse
127 2950 173 2972 nemo
190 2942 293 2982 (latitaverit,
310 2943 336 2984 qui
352 2942 438 2983 ingenuum
455 2940 505 2982 ipsius
523 2939 592 2971 animum
608 2946 624 2972 et
638 2941 700 2974 virtutis
715 2943 923 2985 veriqueamantissirnuiu

73 2985 143 3062 propelli,
153 2986 252 3035 ‚litterasque
269 2992 323 3020 contra
336 2997 365 3020 nos
378 2988 446 3029 scriptas
458 2985 487 3017 set
499 2994 561 3017 summa
573 2985 671 3019 humanitate
683 2988 739 3020 tinctas
753 2989 805 3022 obiter
816 2991 873 3023 saltem
885 3002 923 3034 per-

81 3041 98 3062 us
107 3035 169 3062 mrem.
