1936 3304
64 197 106 239 138
334 210 378 237 aar.
394 210 490 236 11551111
506 209 636 237 1151111111
652 212 658 237 1

64 312 127 351 Deum
142 322 219 350 summe
234 309 308 350 bonum
323 309 487 357 refunderentur,
508 307 542 360 qui
562 322 622 361 quum
641 310 725 362 insuper
743 310 824 362 ignotus
839 323 918 364 semper

64 367 168 415 manserit,
184 379 223 407 nec
237 367 277 406 ullo
292 366 367 405 visibili
382 365 439 415 signe
455 377 477 405 se
492 364 559 416 ipsum
574 379 659 417 usquam
673 366 837 415 manifestaverit,
853 369 917 410 nullas

66 424 87 465 in
105 424 176 465 mnndi
195 423 325 464 fabricatione
345 429 364 462 et
382 420 555 462 administratione
574 428 642 475 partes
657 423 731 463 habere
746 424 818 476 potuit.
848 424 917 467 Cetera

66 495 118 534 quae
133 483 232 533 impostor
246 480 331 519 addebat
349 479 373 518 de
387 477 466 517 Enrmia
488 491 525 530 per
543 480 637 519 invidiam
654 480 734 520 detenta
749 481 773 520 ab
789 481 875 531 angelis,
899 489 918 524 et

66 539 136 592 inique
150 538 224 585 habita,
240 549 265 575 ne
279 541 392 575 recurreret
406 535 431 574 ad
445 535 535 584 Patrem,
551 536 609 576 acin
624 536 678 576 varia
693 549 778 589 corpora
794 544 834 577 11111
849 538 917 578 huma-

67 609 99 644 na,
119 602 161 635 tum
175 593 263 634 belluina
277 593 377 640 revoluta,
397 591 462 631 denec
477 592 498 631 in
513 593 590 633 fornice
604 593 684 645 publice
699 594 809 645 prostantis
825 595 918 636 misertis

67 654 144 700 Simon,
160 663 216 691 ovem
231 650 283 689 hanc
298 648 397 701 perditam
410 645 532 689 liberaturus
548 650 645 699 venisset,
661 650 776 690 hominibus
792 650 852 690 simul
866 652 918 691 salu*

67 716 108 749 tem
122 707 254 761 praestiturus
272 718 310 758 per
324 706 446 756 agnitionem
462 718 528 751 suam,
547 707 682 759 mundumque
701 707 725 746 ab
745 708 871 758 angelorum,
895 710 919 749 de

67 766 181 819 principatu
196 762 301 803 ambitiose
316 761 485 810 contendentium,
501 763 605 814 tyrannide
619 764 755 804 vindicaturus
771 765 919 805 tremendam

68 836 112 871 rns,
128 823 184 868 haec,
199 821 287 871 inquam,
304 818 370 859 omnia
384 818 554 859 christianismum
569 820 629 869 olent,
645 822 680 861 sed
689 821 761 861 fabulis
769 821 843 860 misere
854 821 919 860 defor-

67 886 148 919 matum.
181 876 302 926 Angelorum
323 881 343 915 11
361 876 465 915 hominum
483 876 562 927 lapsum
580 877 617 917 sub
636 877 669 917 his
688 878 783 929 symbolis
802 878 919 919 adumbrare

68 936 137 976 volnit.
166 934 247 973 Priores
262 932 369 984 superbiae
383 933 444 984 typho
460 933 570 981 excaecati,
590 934 672 987 lleoqne
691 935 767 974 auctori
784 947 820 973 sno
837 934 919 975 subesse

68 996 181 1039 renuentes,
197 992 290 1043 1111111111
304 989 383 1030 11111111
394 993 500 1042 proponas
509 990 593 1030 11111111
606 992 707 1031 arabasdum
713 994 786 1043 potori
792 1004 840 1038 esse,
856 990 920 1043 ipsius

68 1048 175 1095 llnnoiam,
191 1060 217 1087 ne
232 1052 345 1087 recurreret
359 1047 384 1086 ad
398 1058 457 1086 snum
470 1046 603 1099 principium,
625 1048 739 1088 detimrere:
762 1048 809 1087 dnm
827 1047 921 1088 videlicet

69 1104 166 1158 quidquid
181 1104 302 1156 splendoris,
321 1103 428 1156 potestatis
444 1115 466 1143 ae
481 1104 611 1155 perfectionis
627 1113 753 1156 acceperunt,
769 1104 809 1145 sibi
823 1105 874 1157 ipsis
882 1104 919 1144 ini-

69 1177 108 1215 que
123 1167 246 1213 arrogantes,
261 1160 351 1214 supremi
365 1165 465 1200 tantorum
480 1160 624 1201 beneficiorum
639 1161 727 1201 auctoris
737 1162 809 1209 ideam,
825 1175 850 1202 ne
857 1161 920 1211 gloria

69 1221 94 1260 ad
110 1231 155 1259 eum
169 1218 251 1264 rediret,
266 1218 324 1259 inse
339 1217 390 1269 ipsis
404 1217 497 1269 primum,
514 1223 554 1257 tun]
569 1217 590 1257 in
597 1218 712 1258 hominihus
721 1218 846 1270 exstinguere
855 1220 920 1259 conati

69 1281 122 1317 sunt.
151 1275 188 1315 His
207 1276 282 1327 quippe
301 1280 393 1315 auctores
411 1275 501 1322 fuerunt,
522 1278 544 1313 ut
558 1275 594 1314 Dei
612 1274 719 1326 imaginem
736 1275 837 1316 mentibus
852 1288 921 1315 eorum

69 1333 196 1384 insculptam,
212 1332 305 1383 superbia
321 1344 357 1370 sna
371 1331 430 1371 foede
445 1331 590 1380 deformarent,
606 1344 629 1371 ac
643 1332 746 1384 paullatim
761 1332 865 1373 obliterata
880 1333 921 1372 veri

69 1389 157 1432 nominis
175 1388 268 1436 notione,
289 1388 398 1439 comparati
418 1387 512 1427 iumentis
531 1387 684 1440 insipientibus,
705 1393 725 1429 et
739 1388 828 1429 belluino
843 1389 921 1429 vivendi

69 1459 125 1487 mere
141 1445 218 1486 similes
233 1445 274 1485 illis
289 1444 343 1493 facti,
358 1445 379 1484 in
395 1444 556 1496 turpissimorum
572 1457 695 1497 quorumque
706 1445 921 1486 vitiorumbaratlnum

70 1516 115 1544 sese
130 1503 151 1542 in
167 1501 210 1542 dies
225 1501 345 1554 profundius
360 1502 507 1552 immergentes,
524 1501 651 1542 contumeliis
660 1514 740 1554 semper
747 1502 804 1542 nevis
812 1504 921 1542 afficerent.

69 1561 124 1601 Haec
142 1564 190 1599 sunt
207 1572 257 1611 qnae
276 1558 366 1600 Ennoiae
385 1558 510 1610 captivitate,
530 1558 676 1599 calamitatibus
700 1558 820 1612 miserisque
842 1559 921 1600 casibus

70 1630 107 1658 sno
121 1615 182 1656 modo
198 1616 324 1667 significabat
338 1615 413 1656 Simon.
443 1615 485 1655 Nec
499 1614 597 1654 dissimile
611 1628 658 1655 vero
674 1621 705 1655 est
720 1617 773 1669 quod
789 1616 921 1657 1111111111-

71 1687 121 1715 anus
135 1673 171 1712 lib.
180 1674 202 1713 dc
210 1675 247 1712 An.
263 1686 280 1715 c.
289 1671 322 1713 35.
330 1671 480 1724 pythagoricam
488 1672 676 1724 metempsychosin,
685 1672 763 1713 Simoni
774 1674 824 1713 111111
831 1673 923 1726 schalom

71 1731 96 1772 de
104 1731 180 1771 Helena
194 1731 216 1770 in
231 1729 269 1770 alia
284 1735 343 1781 atque
357 1729 396 1769 alia
411 1741 496 1781 corpora
504 1728 596 1777 volutata,
613 1741 637 1769 ex
645 1734 702 1782 parte
710 1731 781 1770 saltem
788 1733 921 1771 tosrroctsse:

72 1800 133 1840 qrnnn
147 1792 254 1838 utrumqne
269 1785 374 1838 discipulis
389 1786 433 1826 eius
448 1785 571 1834 constiterit,
587 1791 607 1825 et
621 1787 922 1839 1111115111111111111115111·-

72 1845 137 1885 tiones
153 1856 204 1892 esse,
221 1849 240 1884 et
255 1856 289 1883 eas
304 1843 325 1882 in
340 1842 394 1882 varia
409 1842 522 1882 successive
533 1854 617 1894 corpora
626 1843 711 1883 detrudi.
741 1844 835 1883 Eiusdem
844 1844 922 1895 generis

72 1907 124 1949 sunt,
141 1913 192 1952 quae
208 1900 232 1940 de
248 1913 284 1940 suo
299 1899 320 1939 in
335 1900 389 1939 hunc
403 1900 499 1939 rnundum
514 1899 605 1947 adventu,
621 1900 921 1952 1111111111]1111111111111111,

71 1971 157 2010 euinque
176 1958 200 1998 ab
220 1958 336 2008 angelorum
354 1956 458 2008 tyrannide
476 1956 597 1996 vindicatum
612 1956 742 2007 instauraret,
761 1957 870 1998 effutiebat.
901 1959 921 1997 ln

71 2016 103 2055 his
118 2015 171 2054 inter
185 2015 240 2066 ipsas
256 2018 415 2053 commentorum
429 2013 513 2052 nebulas
527 2013 604 2053 relucet
618 2014 730 2065 evangelica
746 2014 836 2055 doctrina
848 2016 872 2055 de
880 2015 921 2055 veri

73 2071 185 2112 Servatoris
200 2072 296 2111 adventu:
313 2083 352 2122 (111
367 2069 421 2110 viliis
436 2069 540 2109 obliterata
556 2070 592 2109 Dei
607 2070 672 2122 imago
687 2071 786 2119 innovata,
803 2072 887 2112 excitata
902 2071 923 2111 in

72 2128 145 2169 animis
160 2128 201 2167 veri
216 2127 252 2167 Dei
266 2127 344 2175 notitia,
360 2127 451 2166 homines
467 2139 551 2166 excusso
567 2127 922 2180 tenebricosammpotestatumingo

72 2186 93 2226 in
107 2186 220 2226 libertatem
235 2184 314 2233 asserti,
330 2184 397 2223 omnia
412 2183 498 2235 deniqne
512 2183 629 2231 instaurata,
644 2185 686 2224 sive
702 2197 751 2236 qnae
767 2185 866 2234 incaelis,
882 2185 923 2225 sive

73 2256 124 2296 quae
143 2242 164 2281 in
182 2248 236 2282 terra
254 2246 307 2281 sunt.
344 2240 395 2280 Nam
419 2239 462 2279 eius
486 2240 614 2292 professione
634 2242 783 2281 fundamentum
802 2242 923 2283 christianae

71 2298 186 2351 religionis,
207 2298 238 2338 cui
254 2297 367 2338 consultum
383 2297 508 2349 aliquatenus
522 2297 610 2345 volebat,
629 2298 667 2337 niti
682 2298 821 2338 animadvertit
834 2298 923 2339 haeresi-

72 2357 140 2397 archa.
169 2356 204 2396 Sic
218 2361 286 2395 tamen
300 2355 322 2394 in
336 2355 390 2394 huno
403 2354 499 2394 mundum
514 2353 644 2395 descendisse
659 2368 681 2395 51
696 2355 788 2404 iactabat,
802 2361 824 2395 ut
838 2356 923 2396 alienam

72 2413 161 2466 speciem
179 2413 276 2461 induens,
295 2425 332 2464 per
352 2424 410 2464 quam
426 2411 521 2451 ementita
536 2411 667 2452 similitudine
682 2413 764 2463 angelos
780 2417 800 2452 et
813 2418 923 2465 potestates

73 2471 185 2523 deciperet,
204 2483 229 2509 ne
249 2469 272 2509 111
289 2469 318 2508 115
333 2473 444 2515 teneretur,
468 2468 521 2508 inter
534 2468 626 2508 homines
641 2469 701 2509 111111
717 2470 841 2522 apparuerit,
864 2483 923 2522 quum

74 2534 139 2568 tamen
159 2540 201 2567 non
219 2532 273 2566 esset
290 2527 361 2574 homo,
384 2530 404 2566 et
424 2525 743 2577 1111111111111111515111111,
766 2540 826 2579 quum
841 2540 882 2567 non
897 2526 924 2567 sit

73 2597 152 2636 passus.
181 2585 236 2624 Haec
249 2583 314 2635 prima
329 2584 447 2623 Docetarum
463 2588 539 2630 sectae,
559 2583 591 2622 cni
606 2583 703 2636 deinceps
718 2596 792 2625 nomen
807 2585 879 2625 dedere
894 2589 924 2624 tot

73 2640 148 2693 impuri
161 2641 259 2688 homines,
275 2640 342 2680 initia:
358 2640 434 2692 prinms
449 2640 509 2680 huius
524 2645 594 2680 auctor
607 2641 711 2680 hominum
726 2641 815 2681 omnium
829 2641 923 2693 perditis-

73 2698 144 2738 simus.
172 2697 290 2746 Necessaria
304 2702 371 2737 tamen
385 2697 436 2736 male
452 2701 557 2749 susceptae
571 2697 706 2750 hypotheseos
721 2699 846 2738 consectaria
860 2703 923 2738 erant.

74 2755 96 2796 Si
112 2753 171 2801 enim,
186 2761 208 2793 ut
222 2754 353 2806 supponebat,
368 2753 466 2793 nralorum
481 2753 570 2793 omnium
585 2767 635 2805 quae
650 2754 671 2794 in
683 2756 817 2803 mnndosunt,
833 2760 924 2796 auctores

74 2810 145 2864 angeli,
162 2810 180 2850 si
194 2811 290 2851 materiae
304 2816 324 2851 et
338 2810 457 2864 corporibus
472 2810 496 2850 ab
504 2810 530 2850 iis
540 2810 626 2851 conditis
633 2812 749 2864 turpissima
758 2812 849 2864 inspersa
857 2812 923 2859 labes,

73 2869 203 2909 manifestum
218 2872 249 2908 est
263 2881 308 2908 eum
323 2868 356 2920 qui
372 2881 383 2908 a
397 2868 451 2908 bono
467 2868 508 2908 Deo
523 2868 597 2907 missus
613 2875 654 2917 est,
673 2875 695 2909 ut
708 2869 778 2909 nmndi
793 2869 924 2909 fabricatores

74 2926 166 2973 debellet,
182 2925 292 2976 orbemque
306 2925 364 2965 malis
378 2929 455 2978 purget,
471 2924 593 2965 mundanum
608 2938 631 2965 ac
645 2939 714 2966 renim
729 2939 801 2978 corpus
811 2927 924 2967 adsciscere

75 2983 114 3023 sibi
129 2995 170 3022 non
184 2981 286 3035 potuisse:
304 2987 344 3021 tum
358 2995 384 3023 ne
398 2982 456 3022 malis
471 2982 516 3034 ipse
532 2982 706 3031 contaminaretur,
722 2988 763 3023 tum
778 2996 803 3023 ne
818 2984 855 3024 sub
864 2996 924 3035 ange·

74 3039 144 3088 lorum,
162 3040 195 3091 qui
209 3039 305 3080 materiae
321 3039 453 3087 dominantur,
468 3038 574 3092 imperium
590 3041 709 3087 concedens,
725 3041 749 3081 ab
764 3040 789 3081 iis
802 3041 925 3095 opprimere-
