1936 3304
80 200 107 239 93
348 212 393 239 aaa.
408 210 505 239 3333333333
520 210 650 238 orssnarurro
666 210 672 236 1

80 312 115 352 hat
130 311 184 364 quod
198 312 281 352 Ennoea
297 323 342 352 oum
356 312 418 364 Bntho
434 310 533 351 indivulse
549 310 655 351 coniuncta
670 310 703 358 sit,
718 320 756 350 neo
770 308 855 362 proinde
870 310 930 353 abeo

80 369 160 409 diversa
175 375 209 409 aut
223 383 245 410 re
260 369 300 409 dis
292 369 361 410 meta
391 368 496 421 Irnpossah
494 368 560 408 33333
575 381 606 408 33
600 381 631 414 33
647 366 718 419 inquit,
733 366 836 407 1333333333
846 366 876 407 ol
867 380 906 409 333
900 383 930 410 333

81 426 232 467 uastata
247 434 334 478 separata
333 430 383 467 ’333
370 426 494 477 tetellr'tp‚et
509 432 670 466 3333333333
671 437 734 465 333333
746 436 841 477 propr
814 423 932 467 3333333333

81 484 230 536 333333333333333,
246 483 311 522 idt
282 487 318 530 est,
334 483 454 523 formamet
446 487 565 523 traturam.
595 481 635 522 Sed
651 481 708 533 quia
725 481 778 533 quod
793 480 856 533 probe
872 481 931 522 ealle-

82 540 122 585 hat
108 546 162 581 tea
176 553 217 580 nou
232 544 275 579 orta
267 540 472 580 tllalentiniauorum
487 545 533 579 seut
534 544 567 579 ent
568 538 592 587 ia,
608 538 711 578 Ennoeam
726 538 808 589 aBptho
824 539 931 590 separatim

82 585 177 648 intelligi
196 596 668 642 333333331333333333333333333333333333333333,
689 595 724 635 333
742 607 768 647 po
771 602 809 634 rus
825 595 901 635 33333
894 602 933 637 333

83 668 126 695 3333
144 654 264 706 Propotorr',
247 653 322 693 aliae
341 666 411 694 eorum
429 653 488 694 allata
506 652 639 706 responsione
657 651 725 692 statim
739 651 810 700 infert,
829 651 932 692 Enuoeam

84 724 128 751 333333
142 711 213 763 33333333
198 710 348 756 3331333333,
371 710 392 750 h'
378 724 401 751 333
422 714 486 763 poia
472 723 513 751 33333
532 718 580 750 snm
564 711 687 756 3333333333,
709 709 878 749 annumerandam
892 721 933 749 uon

83 781 163 816 essen
163 772 218 819 ttpoe
234 780 285 818 quae
300 768 355 819 aBp
342 767 382 806 ho
398 767 425 807 sit
418 767 500 808 mdis
486 772 555 807 rue
585 767 641 814 Tum,
657 768 754 806 33333333
756 772 782 805 ter
766 779 794 805 n
807 778 849 806 erse
858 778 933 806 333333333

83 827 107 865 333
122 828 160 865 3333·
152 832 180 865 333
195 836 245 864 eona
224 827 381 876 3333333333
362 824 565 876 3333333333
556 831 651 864 3333333333
645 826 718 864 333333
721 830 782 870 tenta
797 822 932 871 indiscretum,

83 889 137 921 3333
116 884 193 922 33333333
207 893 249 921 33333
264 894 313 933 pirae
328 893 353 921 333
368 894 391 921 33
405 888 440 928 333,
456 884 580 921 emissionem
594 880 646 934 fieri,
660 888 684 921 333
698 892 740 921 33333
755 882 782 920 333
774 879 864 920 tdtsson
866 879 933 920 333333

84 951 105 978 eo
121 941 223 991 potent
192 941 239 979 33333
226 937 296 978 tho
311 937 405 990 proinde,
420 951 456 978 33333
443 950 508 978 333333
510 938 582 978 tidem
596 937 651 990 s
605 949 642 978 e
672 937 833 990 33333333333333
847 936 934 988 3333313333

84 996 214 1047 3383,3’333
197 997 259 1035 stret
251 994 345 1035 333333
347 994 403 1036 33333
406 995 470 1040 ratleo,
490 1007 567 1047 semper
556 994 696 1035 3333333333
679 1001 716 1034 ates
736 997 829 1034 r'noteettn
849 1000 868 1033 33
883 994 934 1046 pnod

82 1051 293 1119 norrpossttolternr
278 1053 425 1093 333333333333
399 1054 478 1093 tenone
481 1052 550 1104 tellipt‚
570 1052 692 1104 parenrodnoot
665 1051 731 1092 33333333
749 1054 934 1103 333333333333333

84 1109 117 1148 lun
117 1112 209 1149 33333333
184 1121 235 1155 3333,
259 1122 320 1162 repre
339 1112 390 1162 ipris
410 1110 544 1155 3333333333,
566 1108 853 1161 nepnelpssnederte
876 1111 934 1148 3333333

84 1174 171 1206 3333333
228 1169 296 1206 mtrem
311 1166 367 1213 33333,
388 1174 406 1206 33
399 1166 449 1206 33
442 1174 506 1207 33333
500 1166 545 1206 33
560 1165 589 1206 33
582 1173 625 1206 333
644 1177 699 1217 sepa
699 1177 736 1205 33
751 1177 792 1205 3333
804 1172 841 1218 po
843 1165 935 1212 estred

85 1179 199 1275 sernperm
179 1226 265 1263 33333333
266 1227 337 1264 erret
368 1223 461 1270 Quodot
475 1223 541 1276 ipsum
556 1222 686 1273 deLogoet
679 1221 746 1270 tZoe,
761 1196 882 1261 Homiueel
896 1221 933 1261 Eo-

85 1280 156 1327 olesia,
179 1285 198 1319 33
219 1279 302 1332 reliquis
320 1281 410 1320 Aeonum
429 1279 602 1332 coniugationibus
622 1278 714 1319 similiter
732 1278 840 1319 concludit.
877 1278 934 1319 Clara

85 1342 132 1376 sunt
145 1311 196 1376 laer
211 1342 270 1388 atque
284 1337 398 1390 perspicua.
432 1338 472 1377 Sed
491 1350 516 1377 ne
534 1337 636 1376 videretur
649 1337 699 1376 hare
714 1336 775 1387 gratis
791 1341 811 1375 33
826 1348 837 1375 3
852 1348 874 1375 33
888 1335 933 1387 ipso

85 1392 217 1445 supposuisse
232 1394 372 1434 sanctissimus
387 1399 470 1446 martyr,
491 1394 600 1445 ipsummet
613 1392 798 1433 Valentinianorum
812 1392 934 1445 principium

84 1451 152 1495 refert,
168 1454 190 1489 ut
205 1449 290 1490 subinde
310 1451 393 1490 alteram
411 1450 546 1503 hypotheseos
567 1462 636 1490 eorum
655 1455 732 1501 partem
747 1449 837 1490 funditus
853 1455 934 1497 evertat,

84 1506 163 1548 scilieet
178 1506 273 1559 Sophiam
289 1507 332 1547 sire
347 1505 480 1560 permixtione
495 1506 586 1559 coniugis
602 1507 682 1547 Theleti
700 1519 781 1559 passam
796 1519 841 1547 esse
855 1506 934 1559 passio-

85 1576 131 1604 nem
147 1572 167 1604 et
181 1564 290 1616 separatim
304 1565 348 1604 sine
364 1577 387 1604 eo
403 1565 489 1605 fructum
504 1576 619 1616 generasse.
653 1564 754 1604 Feminam
773 1566 825 1605 333333
844 1565 934 1610 Aeonem,

86 1621 119 1667 ait,
133 1623 214 1673 puriter
229 1634 271 1661 3333
286 1628 365 1674 oportet
385 1635 427 1662 333333
446 1622 544 1669 3333333333,
568 1621 676 1662 teroaldum
697 1635 739 1669 333,
762 1624 867 1674 3333333333
851 1621 935 1661 norint

85 1678 164 1731 offertio
180 1681 228 1718 edes.
258 1678 283 1718 Et
298 1691 358 1731 petron
373 1679 419 1719 3333
434 1681 462 1719 tto
477 1679 525 1719 3313
526 1680 606 1725 obeant,
630 1686 698 1732 33
699 1692 726 1718 3333
741 1679 788 1719 hoec
803 1679 871 1719 3333
862 1685 896 1719 33
911 1679 935 1718 33

86 1738 146 1787 apsis,
168 1747 244 1775 33333333
263 1736 388 1788 tnrpndorote
407 1736 481 1776 3333333
499 1736 693 1782 (termenandum
712 1736 829 1777 duodecadas
845 1736 935 1781 deonena,

87 1804 143 1844 quern
158 1798 176 1832 33
191 1790 285 1844 Sophrona
300 1792 415 1845 appellaret,
432 1796 475 1833 33333
490 1796 625 1846 perrm'ortr'one
645 1795 742 1845 conrepta,
765 1805 820 1846 perenn
836 1792 859 1833 T
858 1806 874 1832 33
876 1793 936 1833 3333333

86 1855 164 1896 voearet,
177 1861 261 1900 parrona
275 1862 317 1889 3333
328 1853 453 1901 passionem,
469 1857 488 1890 33
502 1853 610 1916 seperatim
625 1853 668 1889 3333
682 1862 704 1890 33
718 1850 809 1901 fraretum
823 1862 935 1901 peneresso,

86 1912 176 2002 parentant
189 1906 311 1957 ferroniano
299 1907 380 2002 ofenrlt
379 1919 405 1946 ne
422 1909 484 1947 333333
470 1914 538 1955 33333;3
559 1910 580 1947 tn
599 1913 664 1947 33333333
658 1919 677 1945 33
699 1908 775 1947 [tentent
767 1910 805 1947 ttae
823 1910 935 1959 propresst,

86 1966 115 2002 333
143 1963 370 2014 3333333333333
364 1964 414 2003 (33333
437 1971 482 2004 3333
466 1977 552 2004 3333333333
574 1964 596 2003 33
616 1964 681 2003 eodem
704 1967 813 2004 senentes
837 1971 934 2004 censeant.

85 2018 140 2058 Haee
156 2030 202 2069 rigo
218 2018 403 2059 Valentinianorum
418 2020 517 2060 sententia
533 2025 586 2069 3333,
606 2020 739 2072 3333333333
709 2021 739 2060 333
740 2022 797 2062 ederat
799 2021 864 2061 3333
879 2023 935 2072 apsis,

86 2075 142 2114 tenu
136 2087 182 2114 3333
196 2076 286 2116 Aeonem
301 2089 346 2117 oum
360 2077 449 2117 maseato
464 2077 566 2117 individue
581 2076 680 2140 copulari,
701 2077 747 2129 quia
762 2083 805 2117 erat
797 2077 873 2118 tvelut
888 2078 935 2117 atle-

87 2132 128 2172 otio
144 2132 194 2171 eius.
225 2132 283 2180 Quod
298 2134 347 2174 adeo
364 2139 444 2182 eertum,
464 2140 486 2174 ut
500 2134 548 2174 inde
562 2134 635 2174 invicte
651 2134 744 2175 ooulieiat
757 2134 852 2175 irenaeus
867 2146 935 2174 seeum

87 2188 139 2240 ipsis
154 2200 252 2241 pugnare,
273 2192 435 2243 ntonr'sesttrsdne
451 2192 500 2232 333333
517 2194 631 2232 contrarios
648 2192 670 2232 33
685 2192 750 2232 3333333
765 2195 874 2232 sententies
890 2204 936 2232 3333-

87 2253 165 2294 333333,-
185 2245 232 2286 hino
247 2246 325 2287 seilicet
340 2248 436 2299 Sophiam
451 2248 494 2288 sine
509 2248 642 2300 permixtione
657 2248 747 2300 coniugis
763 2249 841 2288 Theleti
855 2260 935 2300 passam

87 2315 133 2342 esse
155 2303 271 2354 passionem
293 2309 312 2343 et
330 2304 437 2357 separatim
457 2305 500 2344 sine
520 2317 543 2344 eo
565 2304 660 2344 feminam
680 2317 796 2356 generasse:
819 2305 874 2345 illino
889 2317 936 2345 vero

87 2359 184 2411 Sophiam
200 2372 245 2399 euin
260 2361 344 2412 coniuge
359 2368 400 2400 tam
414 2367 457 2401 arte
472 2362 604 2409 coniunctam,
621 2366 642 2401 ut
657 2362 858 2403 essetaffeetioeius.
878 2361 936 2410 Quod

87 2415 168 2469 quidem
183 2422 320 2467 argumentum
335 2418 392 2458 futile
407 2423 470 2466 esset,
490 2418 508 2458 si
530 2431 589 2458 serus
604 2418 717 2459 sensissent
730 2418 827 2460 haeretiei
845 2423 865 2459 et
879 2418 936 2459 lemi-

87 2485 123 2513 nas
138 2474 217 2513 Aeones
233 2486 243 2513 a
258 2474 348 2515 marihus
362 2488 384 2515 re
401 2474 446 2515 dist
433 2474 546 2515 traxissent.
575 2475 600 2516 m
614 2475 681 2515 hine
676 2489 737 2516 ram
732 2481 821 2529 apparet,
837 2488 872 2517 our
879 2475 914 2515 lih.
922 2489 936 2514 1.

88 2542 131 2581 rap
148 2530 167 2570 l
182 2543 344 2584 ummnuemque
352 2533 441 2573 Aeonem
455 2533 555 2572 masculo·
557 2532 651 2573 feminam
667 2546 712 2574 esse
728 2534 850 2581 dicerente
840 2532 936 2586 eptrimi-

88 2598 159 2638 geroam
175 2587 265 2639 ogdoada
280 2594 335 2641 quati
328 2601 365 2629 our
379 2589 494 2630 nominihus
510 2591 565 2630 duint
557 2595 611 2630 tanat
625 2595 770 2643 nuncuparent,
786 2590 867 2630 omissis
879 2589 936 2629 femi

88 2655 158 2683 uarum
173 2645 348 2696 appellationibus.
378 2647 444 2695 Qarum
459 2647 513 2686 enim
527 2647 565 2687 hae
579 2647 715 2687 masculorum
730 2647 846 2687 affectiones
862 2652 936 2694 essent,

88 2700 223 2752 proprietates
238 2714 261 2741 33
275 2702 358 2743 virtutes
374 2703 459 2750 activae,
474 2716 516 2744 non
530 2704 604 2743 mirum
618 2704 636 2744 si
651 2704 672 2743 in
686 2717 802 2752 numerum,
819 2703 853 2755 qui
868 2717 891 2744 ex
906 2703 936 2743 di-

89 2756 168 2796 stiurtis
185 2757 293 2799 uuitatihus
309 2759 410 2808 ooaleseit,
425 2761 507 2812 proprie
522 2773 563 2800 non
577 2761 678 2810 venirent,
695 2769 715 2801 et
729 2760 867 2813 [enusquisque
881 2762 936 2800 Aeon

88 2813 264 2855 masculo-femina
286 2816 395 2864 diceretur,
419 2817 452 2869 qui
471 2817 543 2857 virtute
565 2817 628 2857 aetina
643 2818 751 2869 gaudebat,
775 2830 826 2870 quae
841 2817 859 2858 ei
874 2817 938 2857 instar

89 2870 176 2910 l'eminae
193 2877 254 2911 esset.
289 2873 354 2921 Quum
372 2873 440 2925 itaque
459 2874 497 2914 iam
518 2878 605 2922 constet,
624 2875 703 2915 Aeones
722 2874 807 2914 feminas
822 2888 832 2914 a
848 2873 937 2915 maribus

89 2927 217 2967 indistinctas
238 2940 293 2977 esse,
311 2932 402 2979 Aeones,
426 2930 443 2970 si
463 2931 544 2983 proprie
563 2937 583 2970 et
598 2944 621 2971 er
635 2931 665 2971 rei
679 2932 763 2972 veritate
777 2932 833 2984 loqui
846 2932 937 2973 velimus.

90 2995 135 3023 esse
150 2996 191 3024 non
205 2993 291 3037 possunt
306 2988 419 3039 plusquam
435 2988 556 3039 quindecim,
572 2993 606 3028 aut
619 2988 636 3028 si
644 2988 670 3028 iis
679 2989 787 3040 adiungere
793 2988 855 3028 liheat
861 2989 936 3033 Horon,

90 3040 190 3083 Christum
204 3047 224 3082 et
239 3043 336 3096 Spiritum
351 3050 442 3085 sanetum
458 3058 480 3085 ar
496 3045 627 3093 Salvatorem,
647 3045 692 3098 plus
709 3058 768 3099 (paam
783 3046 852 3086 decem
868 3052 887 3086 et
900 3057 937 3084 no·
