1936 3304
74 182 113 223 la'rfi
335 191 380 219 aar.
395 192 492 219 uassunrr
508 191 637 219 nrssanrarro
653 192 660 219 1

73 293 208 335 autumabant.
238 292 307 334 Solum
322 291 375 332 enim
389 290 484 331 Matthaei
499 291 628 342 evangelium,
644 292 705 344 idque
721 291 795 333 Christi
809 291 926 343 genealogia

73 352 211 399 decantatum,
232 349 343 402 repudiatis
362 348 426 387 tribus
445 347 503 395 aliis,
525 348 605 388 reiectis
629 349 689 388 etiam
706 349 762 389 Actis
781 348 925 401 aprrstolorum,

74 408 207 460 ornatibnsque
222 406 279 447 Pauli
294 404 392 457 epistolis,
408 404 526 456 probabant
543 405 560 445 si
575 405 684 445 Philastrio
694 411 714 445 et
723 405 836 458 Epiphanio
845 403 859 455 ¹)
875 405 925 446 fides

74 471 111 506 est.
140 464 236 506 Nonnihil
251 470 317 502 tamen
331 474 407 509 uereor,
423 466 445 501 ut
459 465 543 514 uterque
559 462 699 502 Ceriutlriauos
714 476 759 503 cuna
767 463 866 503 Chionitis
878 475 925 502 con-

74 522 155 562 fuderit.
185 521 228 561 Soli
243 518 340 571 siquidem
356 531 380 558 ox
394 518 495 558 veteribus
518 519 539 558 id
553 519 593 559 illis
609 519 739 564 adscribunt,
761 513 815 571 qarod
830 519 861 559 his
878 531 926 559 con-

75 585 152 619 stanter
168 578 256 617 tribuunt
271 575 314 614 alii:
338 586 376 614 nec
396 574 475 614 ridetur
495 574 516 614 id
535 575 559 615 ab
574 576 657 615 irenaeo
673 575 764 616 Corinthi
780 588 858 616 errores
873 576 926 616 rele-

74 642 132 676 rente
147 634 243 675 omissum
259 631 294 679 iri,
315 632 369 682 quod
383 631 522 672 Ebionitarum
544 632 637 683 dogmata
651 631 759 672 recensens
775 633 871 672 adnotare
885 644 927 672 iton

75 693 168 744 neglexit.
197 688 280 730 Accedit
294 688 348 739 qarod
362 687 489 740 Epiphanius
504 701 573 728 secum
588 689 631 742 ipse
646 701 735 741 pugnare
750 688 847 729 rideatur.
877 689 927 728 Nam

75 751 135 790 llaer.
149 760 194 788 aar.
209 748 229 796 ξ.
245 745 279 785 lla.
294 744 399 797 conceptis
417 745 484 784 verbis
503 746 588 793 asserit,
610 745 751 798 Carpocratem
773 750 792 785 et
812 745 927 785 Corinthum

76 804 169 847 Matthaei
184 802 287 852 orarrgelio
302 803 375 848 fretos,
398 814 421 840 ex
437 801 480 842 eius
495 801 563 850 initio,
580 803 694 854 Christique
710 802 826 853 genealogia
840 801 927 853 probare

76 863 120 909 niti,
136 861 237 901 Clnistum
253 872 276 898 cx
290 857 373 910 losephi
388 858 489 898 ethlariae
504 858 797 911 seminoprocreatumluisse:
813 858 927 898 Ebionaeos

77 916 203 959 econtrario
219 915 274 955 omni
288 914 323 954 illa
338 914 453 966 genealogia
469 921 579 967 amputata,
596 916 620 956 ab
636 916 680 956 aliis
695 916 761 956 verbis
777 914 874 966 evangelii
889 914 927 954 ini-

78 977 126 1016 tium
141 973 254 1014 deduxisse.
283 972 345 1024 lgitur
359 971 454 1013 hlatthaei
468 972 592 1024 evangelium
606 972 723 1025 genealogia
742 985 782 1013 non
798 972 928 1012 decurtabaut

78 1031 208 1079 Cerinthiani,
224 1043 234 1070 e
250 1043 288 1082 (pua
304 1034 419 1080 argumenta
434 1034 503 1069 contra
517 1029 651 1080 virginitatem
659 1030 732 1070 hlariae
748 1035 816 1083 petere
831 1042 853 1070 se
867 1042 928 1081 posse

78 1090 117 1130 sibi
132 1087 286 1142 persuadebant.
315 1087 344 1127 Ac
358 1086 443 1138 proinde
459 1092 493 1127 aut
507 1086 540 1126 hic
555 1091 589 1127 aut
603 1087 644 1127 illic
659 1087 757 1128 memoria
770 1086 867 1127 defecerit
880 1086 928 1138 Epi-

77 1147 174 1201 phaniam
188 1157 272 1186 necesse
287 1149 324 1184 est.
353 1143 396 1183 lllic
415 1143 482 1196 potius
498 1156 558 1196 quam
572 1143 605 1184 hic
620 1144 720 1184 defecisse
735 1143 861 1185 crediderim.
891 1143 929 1183 Te-

79 1210 152 1245 statunr
167 1203 215 1243 lacit
229 1201 336 1254 Dionysius
351 1200 496 1241 Alexandrinus
515 1202 569 1253 apud
587 1201 696 1242 Eusebium
703 1199 730 1252 ²),
753 1201 851 1254 quosdam
866 1200 929 1240 luisse

80 1262 113 1315 qui
129 1261 246 1302 Corinthum
261 1263 363 1299 auctorem
382 1270 427 1298 esse
446 1257 583 1298 existimarent
602 1259 746 1312 Apocalypsis,
770 1271 830 1311 quam
847 1257 929 1297 loannis

80 1332 125 1359 esse
145 1316 256 1357 certissime
276 1315 339 1356 credit
358 1314 450 1354 ecclesia.
479 1315 538 1355 Haud
559 1314 620 1355 dubie
642 1315 688 1368 quia
710 1322 730 1356 et
751 1316 795 1368 ipse
817 1315 930 1367 apostolum

79 1389 124 1416 sese
138 1374 254 1420 venditans,
276 1372 365 1424 spuriam
381 1371 515 1424 Apocalypsin
533 1372 622 1412 scribere
641 1385 701 1412 ansus
717 1374 791 1413 luerat:
815 1372 836 1412 id
855 1372 929 1424 qnippe

79 1432 161 1473 disertis
175 1430 241 1471 uerbis
257 1429 330 1469 asserit
344 1427 517 1479 Theodoretnsl),
536 1429 629 1482 huncque
649 1442 731 1470 sensum
750 1429 809 1470 facile
824 1429 931 1469 admittunt

80 1490 123 1530 Caii
136 1486 251 1540 Presbyteri
265 1486 324 1527 rerba
340 1486 393 1537 apud
408 1486 493 1526 eundem
507 1485 616 1525 Eusebium
622 1484 645 1536 ⁴).
674 1486 770 1526 Ediderat
781 1486 846 1532 etiam,
864 1486 930 1525 Theo-

80 1548 149 1587 dorcto
164 1551 222 1591 teste,
239 1537 336 1584 deodata
350 1556 415 1583 arator
431 1538 582 1593 διδασκαλίας,
597 1544 724 1596 procreandum
738 1547 839 1584 traditurum
855 1544 930 1584 electri-

80 1616 129 1644 ruts:
145 1602 179 1654 (pn
194 1601 245 1640 liber
260 1614 285 1640 an
300 1600 324 1639 ab
338 1598 459 1652 Apocalypsi
474 1600 564 1639 diversus
580 1605 640 1646 esset,
656 1601 761 1640 nonsatis
777 1605 861 1640 constat.
879 1599 930 1640 lllud

81 1660 163 1707 eortius,
179 1657 295 1698 Corinthum
310 1657 331 1695 in
346 1669 382 1696 sua
397 1655 517 1708 Apocalypsi
532 1656 596 1708 prima
612 1657 748 1697 chiliastarum
763 1656 930 1697 seumilleuario-

80 1730 125 1757 rum
140 1715 215 1756 erroris
230 1714 358 1754 farradamonta
373 1712 458 1752 iecisse:
484 1726 522 1765 cluo
538 1713 625 1764 tingebat
643 1719 690 1765 post
704 1714 802 1754 lnnnauae
818 1713 884 1753 carnis
899 1726 930 1753 re-

82 1772 233 1818 surrectionem,
250 1772 337 1810 hrunnm
352 1774 454 1809 terrenum
465 1769 539 1809 Christi
553 1781 636 1820 regnum
652 1776 672 1809 et
680 1770 824 1822 Hierosolymis
838 1770 931 1811 homines

82 1829 148 1871 carnis
164 1827 307 1880 cupiditatibus
323 1832 343 1865 et
357 1826 478 1878 voluptatum
493 1826 593 1866 illecebris
613 1827 731 1876 servituros,
754 1827 848 1879 milleque
867 1839 931 1866 aranos

81 1888 103 1927 iu
117 1886 232 1938 nuptiarum
247 1883 304 1925 lestis
320 1888 339 1922 et
354 1882 469 1923 celebritate
485 1889 631 1923 oonsumuuos.
662 1884 699 1924 Cui
719 1884 799 1936 (pridem
819 1884 881 1923 errori
897 1896 931 1923 oc-

82 1944 184 1984 casionem
205 1941 324 1994 praebuisse
346 1939 439 1979 videntur
461 1940 491 1989 (ut
509 1938 560 1978 nihil
579 1940 603 1981 de
622 1940 703 1980 loannis
721 1940 842 1992 Apocalypsi
858 1940 930 1990 dicam)

81 2000 225 2053 prophetarum
240 1998 264 2038 de
279 1996 364 2037 hlessiae
379 2008 440 2047 regno
455 1995 560 2044 vaticinia,
575 2008 626 2047 cauae
642 2010 703 2049 quum
718 1997 742 2036 ad
756 1996 843 2036 litteram
857 1997 931 2036 intolli-

82 2057 152 2109 gonda,
168 2068 213 2095 cum
227 2054 347 2094 ludaeorum
361 2053 420 2104 uulgo
434 2053 557 2092 inundannm
570 2065 654 2104 regnum
669 2059 803 2106 exspectante,
816 2054 853 2093 sibi
869 2054 932 2104 finge-·

82 2113 187 2154 rothomo
202 2110 304 2164 pinguiori
318 2109 407 2150 minerva
427 2110 488 2150 etita
506 2110 595 2150 nondum
609 2110 704 2162 impleta,
727 2111 747 2150 in
770 2123 814 2151 earn
834 2110 932 2153 successit

83 2169 206 2223 opinionem,
221 2167 322 2221 implenda
336 2166 371 2206 illa
386 2179 431 2206 esse
445 2173 493 2218 post
507 2167 682 2208 resurrectionem.
710 2168 771 2208 Forte
791 2167 850 2207 etiam
869 2174 932 2208 mate-

83 2228 133 2267 riam
149 2224 308 2266 snlnninistravit
321 2222 411 2263 Platonis
427 2229 559 2263 oonnnentum
580 2225 604 2265 de
622 2235 694 2274 magno
714 2237 773 2264 anno
807 2225 852 2264 Vult
872 2224 931 2272 eninr,

83 2293 130 2337 post
145 2284 171 2324 36
188 2295 286 2323 allatorum
300 2280 362 2320 millia
377 2280 511 2320 innovandam
526 2293 571 2320 esse
585 2281 687 2329 mnndum,
702 2286 790 2333 tuncque
805 2281 848 2321 lore
862 2294 932 2321 saccu-

83 2343 125 2383 lum
140 2353 228 2381 aureum.
256 2339 280 2379 ln
295 2337 379 2377 curulem
396 2349 489 2385 errorem,
506 2337 541 2377 sed
556 2350 698 2390 corporearum
712 2338 835 2391 voluptatum
843 2338 933 2379 faecibus

84 2406 226 2451 exlaurgatmn,
250 2394 311 2448 quum
330 2394 447 2446 imprudens
465 2393 571 2435 incidisset
584 2395 657 2448 Papias
676 2395 757 2435 Ioannis
773 2395 864 2445 auditor,
888 2395 933 2435 aliis

84 2455 212 2509 postmodum
231 2465 284 2493 ess.
300 2451 391 2505 patribus
412 2464 453 2492 nou
475 2452 545 2504 paucis
567 2453 636 2505 lapsus
658 2453 787 2493 occasionem
805 2453 932 2493 ministravit.

85 2514 125 2554 Sed
140 2512 211 2552 dehis
226 2510 283 2551 alias.

142 2568 189 2610 127.
218 2568 293 2608 Eadem
312 2566 354 2606 fere
373 2565 476 2614 Corinthi,
496 2579 546 2619 quac
566 2566 664 2615 Sinronis,
689 2566 793 2607 hlenandri
812 2573 832 2607 et
850 2567 934 2607 aliorum

86 2627 228 2667 Gnosticorum
242 2624 321 2665 somnia
335 2624 398 2663 haere.
427 2624 490 2664 Deum
509 2636 609 2664 summum
628 2636 639 2663 a
654 2623 749 2664 Creatore
767 2625 837 2664 mnndi
856 2624 884 2663 ita
903 2624 933 2663 di-

86 2682 171 2734 stinguit
185 2688 204 2722 et
218 2687 290 2722 natura
305 2685 325 2721 et
340 2680 394 2729 sede,
409 2686 431 2720 ut
445 2680 479 2719 hic
492 2681 555 2721 virtus
571 2681 597 2721 sit
611 2680 689 2720 infinite
704 2680 771 2720 abillo
781 2681 864 2729 distans,
880 2680 933 2721 eius-

86 2754 125 2795 que
140 2751 223 2792 prorsus
237 2738 314 2790 ignara.
343 2737 400 2777 Unde
414 2738 514 2789 sequitur,
536 2739 600 2778 Deum
617 2736 693 2777 nullam
707 2737 767 2778 huius
782 2737 851 2778 ntundi
866 2750 933 2778 curam

86 2798 161 2849 egisse,
181 2808 219 2836 nec
233 2795 297 2847 legem
312 2794 406 2842 dedisse3
429 2795 465 2834 sed
483 2794 575 2845 angelum
594 2801 617 2834 nt
631 2794 699 2834 mundi
720 2795 854 2842 conditorem,
870 2796 935 2835 sicet

86 2855 136 2906 legis
152 2857 254 2894 auctorem
269 2858 289 2892 et
301 2852 421 2892 ludaeormn
435 2851 543 2891 Dominum
557 2850 630 2891 fuisse:
652 2864 702 2904 quae
717 2851 816 2899 Simonis,
831 2851 934 2893 lllenandri

89 2948 298 2956 ---.--—--

135 2989 150 3030 l)
162 2990 227 3022 Philast.
240 2988 267 3021 lib.
281 2987 301 3020 de
312 2987 359 3020 Haer.
371 2988 429 3031 Epiph.
441 2985 458 3029 ξ.
470 2987 486 3020 5.
518 2986 534 3028 2)
546 2987 604 3020 Euscb.
617 2987 628 3020 l.
641 2987 673 3021 llll.
685 3000 699 3020 c.
712 2986 738 3020 25.
771 2986 787 3028 3)
800 2988 861 3021 Theod.
873 2988 902 3020 lib.
915 2986 935 3020 li.

89 3047 102 3069 c.
115 3035 130 3068 3.
154 3035 171 3075 A}
183 3035 241 3067 Eusob.
254 3035 264 3066 l.
277 3034 304 3066 lll.
318 3044 331 3065 c.
344 3032 370 3065 28.
