1936 3304
334 170 359 196 on
374 158 499 196 rnieudnrrs
516 164 603 193 7777777.
855 153 896 194 tas

45 274 119 326 inqui:
136 272 185 324 77777
178 271 271 311 77777777
247 275 355 324 7777777777
355 276 469 321 7777777777
463 270 494 309 7777
487 266 606 333 7777777777777
622 271 646 305 777
639 264 715 305 77777777
700 271 744 312 77
752 273 794 307 77
768 266 857 307 777777777
858 274 897 307 7777

44 332 93 370 777777
92 337 151 369 777777
174 335 193 368 77
185 327 262 368 777777
284 340 304 366 77
320 339 382 378 777777
398 326 586 378 777777777777777
567 335 586 363 77
586 324 648 363 7777777
650 333 692 367 7777,
716 335 740 374 77
742 329 836 362 77777
837 336 896 363 7777

43 388 91 439 sucu
78 386 141 426 7777777
156 384 224 423 777777
212 383 267 423 777777
260 389 292 429 777,
307 390 331 423 777
324 383 460 423 777777777
437 395 461 433 77
461 394 477 421 7
493 394 513 421 77
528 393 552 420 77
566 391 608 432 pro
623 378 673 424 77777
689 390 714 429 77
718 390 738 417 77
751 385 780 418 77
772 379 863 420 collocet
856 387 895 426 7777,

44 445 164 488 7777777777,
180 437 400 490 77777777777777771.)

99 480 162 535 Porro
182 501 247 534 autem
267 494 325 533 stilus
344 494 417 533 horum
431 493 587 560 fragrarentorum
602 504 643 530 non
660 495 691 530 est
706 489 811 553 simplex
806 503 887 541 rpsna
867 492 895 531 fa-

43 557 97 591 tento
112 551 193 596 Plaltio
214 550 249 589 sed
265 549 356 600 elegans,
376 554 399 588 ut
414 556 497 601 77777777
512 562 536 588 ex
549 543 614 588 77777
628 547 728 598 frequen
724 559 752 594 77
774 547 880 586 fortasse
875 561 896 586 in

43 621 81 647 usu
96 607 154 656 777-777
164 606 264 645 aliosPP
280 606 315 645 sed
331 618 427 656 nusquam
443 606 495 668 apud
510 605 623 644 Ιι7.7777777777
656 604 699 643 Imo
715 607 799 654 apparet
814 603 896 642 omnino

44 664 68 702 ah
84 662 129 702 stilo
144 662 222 701 lrenaei
237 662 299 700 terme
315 661 412 708 diversus,
428 662 462 712 qui
477 666 546 712 utpote
561 659 646 711 simplex
661 672 701 698 non
717 659 817 698 redundat
831 671 897 710 neque

44 719 65 758 in
80 718 185 758 verborum
201 717 268 769 eopia,
289 729 354 768 neque
369 717 388 756 in
404 717 462 769 eopia
478 721 566 756 textuum
582 715 704 767 scripturae,
725 728 786 767 qtrnm
802 715 824 754 in
839 715 897 755 lihris

44 780 113 815 contra
127 774 223 814 haereses
239 785 272 812 eas
287 775 346 813 tiniec
361 774 428 813 laudet
443 772 559 825 scripturas
576 785 625 824 qtrae
641 772 680 812 sihi
696 773 763 812 faeere
771 784 833 824 posse
841 773 896 812 visae

44 837 89 872 sunt
105 831 129 871 ad
143 830 295 871 Valentinianos
310 830 438 871 refellendos.
469 830 524 877 Quae
540 842 589 869 sane
605 829 723 869 oeconomia
738 829 760 868 in
775 828 896 870 adhibendis

44 887 148 940 scripturis
168 886 242 927 sanetis
261 887 389 938 potissimum
403 887 427 927 N.
444 887 466 926 T.
486 886 566 926 illorum
581 891 694 937 temporum
710 886 825 927 airotorihus
841 900 895 928 eorn-

43 945 109 984 nnmis
124 944 167 984 luit.
196 944 268 983 Verum
283 945 307 983 de
323 943 368 983 stilo
383 945 454 983 horum
470 943 627 994 fragmentorum
635 943 702 983 dicere
710 953 824 995 possumus,
842 945 896 997 qnod

44 1001 68 1040 de
83 1000 129 1040 stilo
145 1013 162 1040 s.
177 999 274 1040 Bernardi
289 999 370 1051 scripsit
385 998 574 1047 SirtusSenensiS,
594 999 752 1051 approharitqne
766 1000 895 1041 hlahillonius

43 1057 64 1095 in
79 1057 128 1096 haee
142 1056 209 1095 verba.
239 1056 354 1103 „Quantum
373 1057 445 1095 doctor
464 1061 545 1095 sauctus
560 1056 581 1094 in
597 1056 709 1106 scripturae
725 1068 794 1095 sacrae
809 1057 895 1097 lectione

42 1118 133 1152 uersatus
148 1111 213 1158 luerit,
228 1112 303 1162 ubique
319 1112 405 1151 clamant
420 1112 463 1151 eius
479 1112 560 1162 scripta,
577 1123 628 1162 (777777
644 1111 694 1150 nihil
703 1111 763 1158 aliud,
780 1125 896 1164 (7777777777-

43 1173 100 1207 lones
116 1168 228 1207 divinornm
241 1167 370 1215 voluminum,
385 1172 408 1206 ut
423 1167 473 1207 Sint
489 1167 585 1206 Senensis
600 1167 666 1218 verbis
682 1172 732 1214 utar,
748 1167 788 1207 dici
803 1174 895 1219 possunt,

44 1225 117 1276 quippe
136 1224 269 1274 undecunque
288 1223 361 1262 veteris
381 1236 404 1263 ac
426 1223 472 1263 novi
493 1222 607 1263 testamenti
628 1223 735 1263 sententiis
750 1223 778 1263 ita
794 1224 896 1271 distincta,

44 1292 80 1319 eeu
95 1280 191 1330 gemmeis
207 1279 364 1326 emblematibus,
380 1280 437 1319 hisee
452 1279 502 1318 adeo
518 1280 622 1318 commode
638 1285 658 1318 et
673 1278 720 1331 apte
734 1280 823 1328 insertis,
839 1282 896 1322 utihi

43 1341 88 1375 nata
104 1348 149 1376 esse
165 1332 315 1385 ei·edautu1·²).“
345 1337 401 1383 Quae
417 1348 465 1375 sane
479 1335 554 1386 legenti
569 1336 679 1386 fragmenta
694 1336 744 1376 haec
753 1336 777 1376 de
786 1339 896 1378 eorundem

44 1392 90 1431 stilo
110 1392 149 1431 diei
168 1404 229 1442 posse
246 1391 329 1442 patehit.
366 1392 418 1442 Ergo
435 1391 547 1431 certissime
563 1392 723 1432 concludendum
739 1392 777 1432 erit
796 1394 856 1434 etiarn
873 1409 896 1435 ex

44 1447 192 1499 conipai'atione
213 1448 318 1499 utriusque
341 1447 392 1494 stili,
412 1447 523 1498 fragmenta
542 1447 608 1487 Ptatfii
627 1460 667 1487 non
687 1460 733 1488 esse
752 1449 858 1490 tribuenda
878 1464 894 1491 s.

42 1504 133 1543 Irenaeo.

100 1560 213 1610 Supersunt
235 1558 306 1598 deinde
328 1559 417 1598 rationes
440 1558 490 1599 aliae
513 1558 622 1598 ahlalleio
641 1559 778 1601 eruditissime
798 1562 896 1605 adductae

44 1623 112 1655 contra
125 1615 223 1663 erastum,
240 1628 289 1667 qtras
305 1615 322 1654 si
337 1628 374 1667 per
388 1620 467 1668 tempus
483 1614 562 1655 licuerit
577 1621 648 1667 postea
664 1617 777 1658 examinare
792 1618 813 1658 in
829 1621 896 1661 animo

43 1671 146 1712 hahemus.
180 1671 259 1712 Interea
277 1684 337 1724 parva
357 1672 407 1712 haee
426 1685 463 1724 pro
484 1671 601 1712 defensione
621 1673 657 1712 viri
677 1673 791 1714 doctissimi
808 1678 896 1718 concivis

43 1729 93 1777 mei,
116 1734 136 1768 77
158 1729 253 1768 adversus
275 1728 374 1768 eruditum
393 1728 458 1769 virum
479 1728 625 1781 transalpinum
649 1730 708 1782 aequi
723 1730 813 1784 bonique
828 1734 896 1775 facito.

42 1785 87 1824 Non
103 1785 156 1824 enirn
171 1785 233 1824 livore
248 1784 316 1837 aliquo
332 1785 393 1825 animi
408 1785 429 1825 id
444 1798 488 1825 sum
504 1797 618 1836 aggressus,
635 1787 671 1826 sed
686 1787 746 1827 unico
763 1789 830 1829 studio
845 1792 897 1831 veri-

44 1842 97 1881 tatis.
127 1841 183 1880 Volui
200 1846 266 1881 autem
281 1841 348 1881 fulciri
363 1841 491 1894 potissimum
507 1842 587 1882 illorum
602 1843 706 1883 hominnm
722 1846 846 1895 7777777777777,
863 1848 897 1899 qui

44 1903 113 1937 eontra
127 1897 244 1948 religionem
260 1898 369 1938 Romanam
384 1904 508 1950 pugnarunt,
528 1904 599 1950 utpote
619 1912 669 1951 qrros
685 1900 777 1941 Plaftium
793 1902 851 1943 nihili
866 1905 896 1944 fa-

45 1965 89 1993 eere
106 1953 156 1993 mihi
176 1954 260 1993 suadere
279 1967 320 1993 non
340 1954 408 2005 potni;
427 1967 467 1994 non
488 1955 541 2006 quod
557 1954 680 2006 gravissimis
696 1956 800 2007 religionis
814 1967 897 2000 nostrae

43 2010 91 2048 riris
106 2010 231 2048 destituerer.
261 2010 331 2049 Utrum
350 2016 415 2049 77777777
434 2022 477 2050 rem
492 2012 588 2061 gesserim
604 2024 640 2062 pro
657 2012 753 2061 dignitate
768 2019 790 2053 ut
805 2015 896 2065 deeehat,

43 2070 97 2105 tunm
113 2065 208 2104 iudiciuin
224 2069 274 2105 esto.
302 2065 355 2114 Vale,
372 2071 391 2105 et
405 2078 443 2114 me,
460 2067 513 2117 (cuod
529 2067 585 2114 facis,
602 2079 652 2106 ama.

90 2186 106 2227 1)
118 2187 141 2218 ne
154 2188 221 2219 doctrin.
234 2187 292 2220 Christ.
306 2188 333 2220 lib.
345 2189 361 2221 4.
375 2199 410 2230 cap.
423 2189 438 2221 5.
485 2189 502 2230 2)
514 2190 532 2222 In
545 2190 613 2222 Praetat.
626 2190 646 2222 ad
659 2190 711 2231 Opera
723 2202 736 2224 s,
749 2194 831 2226 Beruardi.
