1936 3304
70 234 110 275 tta
336 246 380 274 aaa.
396 245 493 274 arassusrr
508 245 639 273 nrssunrirro
656 245 662 271 r

67 346 120 386 uicis
139 346 214 398 ignota.
247 345 298 387 Nam
312 346 432 387 lamblichus
449 346 502 386 Sect.
517 358 531 385 1.
550 357 594 397 cap.
610 344 630 385 2.
645 350 711 397 putat,
731 357 808 385 arnnias
824 346 919 396 (quasdam

66 416 104 456 per
110 404 198 445 Deorum
212 403 362 456 benignitatem,
378 409 398 443 ct
411 403 499 442 infusam
513 401 537 442 ab
552 401 592 441 illis
601 401 774 450 illuminationem,
790 414 850 453 saepe
860 403 919 444 altius

68 461 184 510 ascendere,
200 468 220 501 et
234 461 255 501 in
270 460 360 500 ordinem
374 460 477 507 maiorem,
493 458 713 511 angelicumvidelicet,
727 459 790 499 evehi.
819 458 919 511 Hocque-

66 519 106 558 ties
121 519 149 566 fit,
170 518 203 566 ait,
219 531 259 559 non
274 517 313 557 iam
329 517 414 570 amplius
429 516 507 557 animae
522 516 596 557 finibus
611 515 749 564 coratinentur,
765 517 802 557 sed
818 521 870 557 totae
886 529 919 558 an-

68 575 145 627 gelicae
167 575 244 615 animae
267 574 362 621 evadunt,
385 579 405 613 et
426 573 447 613 in
468 573 599 626 purissimam
616 573 677 613 vitam
691 573 780 625 perfecte
795 573 919 625 perveniunt.

67 632 113 673 Non
132 645 200 672 moror
218 633 278 671 etiam
296 630 356 683 hylici
374 630 472 678 hominis,
492 643 529 671 seu
547 629 656 670 materialis
676 629 767 681 corporis
787 636 868 671 sortem.
897 630 920 671 In

68 689 201 741 corruptelam
219 688 283 737 abire,
306 700 405 739 nusquam
424 688 560 736 excitandum,
583 699 628 727 etun
643 686 765 727 Sadducaeis
780 686 866 740 aliisque
880 700 921 728 nou

67 746 138 799 paucis
153 745 260 797 gentilibus
275 744 408 796 philosophie,
425 757 448 784 ex
462 744 578 784 necessaria
593 743 736 784 consecutione
748 744 851 795 putabant.
880 745 922 785 Nec

68 803 122 843 enim
136 802 157 842 id
172 801 259 849 excitari,
275 801 326 841 vitae
341 802 442 853 particeps
458 802 546 842 futurum
561 801 624 849 decet,
641 801 693 854 quod
703 800 766 840 elahe
775 807 794 840 et
801 800 920 853 ignorantia,

66 860 211 912 Enthymeseos
225 857 416 910 perturbationibus,
433 863 452 898 et
467 857 568 910 Demiurgi
582 857 662 898 inscitia
677 865 742 898 crtum
758 857 820 898 ducit.

125 917 158 957 73.
180 916 208 955 De
224 916 303 956 Christo
318 916 364 955 Iesu
379 915 427 968 quid
442 914 548 962 sentirent,
569 915 641 967 quibus
660 915 727 967 potius
742 914 874 967 blasphemiis
889 928 921 955 sa-

68 986 123 1013 crum
138 972 283 1012 incarnationis
302 972 419 1024 mysterium
438 973 584 1020 subverterent,
603 972 644 1011 iam
659 972 751 1011 diximus.
784 972 835 1012 Illud
850 972 921 1012 funda-

67 1030 129 1070 menti
145 1030 189 1069 loco
205 1030 328 1076 statuebant,
349 1029 402 1081 [yvtod
421 1029 547 1069 verissimum
567 1034 607 1077 est,
628 1040 665 1069 nec
684 1029 746 1068 semel
761 1042 772 1069 a
788 1042 815 1069 ss.
830 1028 921 1080 patribus

67 1087 193 1133 affirmatum,
209 1099 232 1126 ea
247 1086 362 1139 suscepisse
378 1086 479 1126 Christum
494 1098 544 1139 quae
559 1090 673 1126 servaturus
688 1090 736 1125 erat.
767 1086 806 1125 Sed
825 1086 865 1125 hoc
879 1090 921 1126 tur-

67 1143 120 1195 piter
135 1143 192 1183 abusi
208 1143 360 1191 concludebant,
376 1156 399 1182 er
414 1143 539 1195 quadruplici
554 1143 666 1183 substantia
681 1143 884 1194 compactumluisse,
900 1149 922 1184 ut

67 1206 136 1253 typum
150 1200 211 1253 primi
226 1213 249 1241 ac
265 1201 347 1253 superni
363 1200 483 1252 [paraternarii
499 1205 597 1240 servaret:
618 1212 641 1239 ex
656 1198 752 1252 spiritali,
773 1212 823 1252 quae
839 1207 882 1240 erat
896 1200 921 1240 ab

67 1257 189 1297 Achamoth:
206 1270 229 1296 ex
245 1257 332 1304 animali,
349 1270 399 1309 quae
415 1262 458 1297 erat
472 1269 483 1297 a
497 1257 615 1308 Demiurgo:
632 1270 656 1296 ex
671 1270 694 1296 ea
710 1269 769 1309 quam
784 1257 921 1305 oeconomiae,

68 1327 104 1354 seu
119 1314 189 1354 salutis
204 1314 303 1354 humanae
317 1314 456 1367 procurandae
471 1326 542 1354 caussa
557 1313 658 1360 assumsit,
674 1326 770 1365 corporea
782 1313 862 1366 quidem
871 1326 922 1366 quae

68 1384 140 1411 sensus
160 1371 258 1419 afficeret,
277 1371 314 1410 sed
333 1371 361 1410 ita
380 1383 391 1410 a
411 1370 505 1411 crassiori
521 1370 604 1410 materia
620 1371 723 1411 [lelaecata
737 1375 757 1410 et
771 1384 830 1423 pura,
847 1379 867 1410 et
881 1375 922 1410 tam

68 1427 143 1467 sollerti
160 1433 202 1468 arte
217 1436 292 1480 parata,
307 1433 330 1468 ut
343 1427 394 1467 nihil
409 1440 454 1467 curn
469 1440 493 1467 ea
508 1440 613 1467 commuue
627 1428 716 1475 haberet,
732 1440 755 1467 ac
767 1427 864 1480 spiritalis
872 1440 921 1479 quo-

68 1485 174 1525 dammodo
189 1497 238 1536 prae
253 1497 276 1524 ea
291 1490 355 1524 esset:
371 1497 394 1523 ac
409 1484 489 1524 demum
504 1497 528 1524 ex
543 1496 629 1536 superno
646 1484 762 1531 Sutvarore,
782 1484 816 1537 qui
835 1485 856 1524 in
876 1497 921 1524 eum

68 1541 105 1581 sub
121 1541 189 1593 specie
205 1541 309 1581 columbae
324 1540 439 1588 descendit,
457 1546 500 1580 tum
515 1553 575 1592 quum
590 1541 616 1580 ad
630 1541 751 1592 baptismum
765 1541 827 1581 venit.
857 1540 921 1593 Spiri-

69 1598 128 1638 talem
143 1598 223 1650 quidem
238 1597 371 1638 substantiam
386 1597 410 1637 ab
425 1597 537 1637 Achamoth
551 1597 653 1650 acciperet
667 1609 750 1637 necesse
762 1603 811 1645 erat,
827 1597 922 1651 quoniam

68 1654 155 1708 spiritali
174 1654 257 1703 semini,
276 1655 373 1695 hactenus
392 1654 558 1706 repullulantibus
576 1654 708 1707 undequaque
722 1654 787 1703 vitiis,
809 1654 922 1706 ignorantia

68 1711 199 1764 praesertim,
217 1712 333 1764 praefocato
348 1711 493 1763 perlectionem
508 1716 528 1750 et
542 1711 688 1751 incrementum
703 1710 798 1752 allaturus
814 1717 865 1761 erat,
884 1725 921 1752 no-

68 1781 153 1821 vamque
167 1768 233 1808 lucem
247 1769 343 1809 hactenns
358 1768 449 1816 invisam,
465 1768 560 1808 nimirum
574 1768 663 1820 supremi
677 1768 742 1808 Patris
757 1769 885 1821 agnitionem,
901 1769 922 1809 in

68 1825 161 1865 homines
177 1825 293 1865 diffusurus.
322 1824 432 1864 Animalem
447 1825 512 1873 etiam,
529 1831 549 1864 et
563 1838 606 1865 eam
622 1838 673 1877 quae
683 1825 747 1865 videri
756 1826 837 1877 ettangi
846 1832 921 1877 posset,

69 1895 171 1922 assumere
190 1882 268 1922 debuit:
291 1882 337 1934 quia
357 1894 417 1934 tynum
435 1888 455 1921 et
470 1881 588 1922 animalibus
602 1881 718 1923 horninibus
733 1882 816 1923 salntem
831 1882 922 1935 imperti-

69 1946 125 1979 turus
141 1943 201 1987 esset,
217 1938 289 1990 iisque,
305 1944 375 1990 utpote
390 1938 476 1990 spiritali
491 1938 568 1978 semine
583 1951 619 1978 seu
634 1938 735 1990 agnitione
747 1939 855 1987 destitutis,
870 1952 921 1980 tinus

69 1996 135 2036 aditus
150 1997 175 2036 ad
191 2008 235 2035 eam
249 2008 286 2047 per
300 1996 360 2035 fidem
376 2001 396 2034 et
409 1995 463 2035 bona
478 2007 539 2047 opera
549 1995 657 2048 pandatur;
673 2007 757 2036 neeesse
765 2001 808 2036 erat
814 1996 839 2036 iis
849 1996 921 2036 similis

70 2065 93 2093 ac
107 2052 193 2092 visibilis
208 2053 274 2099 lieret,
298 2064 337 2104 quo
359 2052 398 2092 dux
417 2064 487 2091 eorum
506 2058 526 2091 et
539 2052 635 2103 magister
650 2053 748 2093 evaderet.
777 2053 814 2093 His
830 2053 922 2093 omnihus

70 2110 166 2150 accedere
181 2109 250 2149 debuit
264 2109 288 2148 de
304 2108 396 2161 supernis
408 2109 503 2156 Salvator,
520 2108 553 2161 qui
561 2109 607 2149 lesu
615 2109 689 2150 Christi
703 2116 791 2150 mentem
806 2110 922 2162 pleromatis

71 2166 171 2217 mysteriis
186 2165 314 2213 informarem
330 2166 387 2218 isque
401 2166 449 2205 huic
464 2165 563 2206 uniendus
578 2179 601 2206 eo
614 2166 711 2206 unitionis
719 2179 798 2218 genere,
815 2168 867 2220 quod
876 2180 922 2219 pro-

71 2224 103 2263 cul
118 2222 142 2263 ab
158 2222 283 2274 hypostatice
298 2223 400 2270 dissideat,
417 2222 506 2275 nihilque
521 2223 561 2262 nisi
576 2235 630 2263 ruere
644 2224 720 2263 morale
735 2229 804 2273 sonety
819 2237 842 2264 ac
856 2224 923 2264 Iesum

71 2293 82 2320 a
97 2279 198 2319 communi
213 2279 317 2319 hominum
336 2278 362 2329 (si
380 2283 446 2318 tamen
460 2280 521 2318 homo
536 2279 644 2327 dicendus,
665 2279 696 2319 cui
716 2293 789 2332 corpus
808 2282 924 2321 aethereum

71 2336 139 2389 potius
155 2343 175 2376 et
189 2335 342 2388 phantasticum,
359 2348 417 2388 quarn
432 2336 540 2375 humanum
554 2340 604 2384 erat)
620 2342 674 2376 sorte
684 2349 725 2376 non
738 2337 838 2385 eximeret,
854 2342 923 2389 utpote

73 2393 107 2445 qui
122 2406 159 2433 nec
173 2404 219 2432 vere
227 2393 279 2432 Deus
296 2398 355 2440 esset,
371 2392 406 2432 sed
421 2404 488 2431 merus
504 2393 634 2443 angelusDeo
650 2393 708 2444 longe
723 2393 813 2441 inferior,
830 2407 866 2434 nec
877 2394 923 2434 lesu

73 2450 152 2491 Christo
167 2449 292 2502 hypostatice
307 2449 382 2489 attritus.
410 2448 480 2500 Neque
495 2448 548 2488 enim
562 2449 629 2502 ipsum
640 2449 676 2490 Dei
686 2450 759 2490 Filium
774 2464 854 2491 caruem
869 2463 923 2491 sum-

72 2507 124 2547 sisse
138 2506 242 2551 volebant3
265 2506 317 2546 etsi
333 2505 435 2553 dixissent,
451 2505 503 2545 haud
518 2505 557 2546 alio
573 2519 632 2559 qnam
647 2507 729 2547 Sabellii
747 2513 767 2548 et
780 2508 837 2548 Pauli
853 2508 923 2548 Samo-

73 2563 137 2603 saleni
152 2576 213 2603 sensu
228 2563 295 2604 [licere
310 2563 429 2615 potuissent.
458 2561 484 2602 At
497 2562 583 2615 hylicum
594 2563 644 2603 nihil
656 2577 692 2605 seu
699 2565 801 2605 materiale
810 2565 924 2606 adsciscere

74 2620 114 2660 sibi
131 2620 198 2672 potuit
211 2620 267 2661 lesus
283 2620 382 2660 Christus:
403 2619 449 2672 quia
467 2620 506 2659 hoc
525 2633 585 2672 (partun
604 2621 655 2661 labis
674 2627 694 2661 et
708 2622 832 2673 ignorantiae
847 2623 923 2662 fructus

74 2677 107 2725 sit,
122 2676 208 2717 inlausta
222 2677 350 2729 perturbatae
364 2689 401 2717 nec
416 2676 448 2717 sui
463 2677 562 2729 compotis
571 2678 715 2729 Enthymeseos
731 2679 818 2727 soboles,
834 2684 854 2720 et
868 2678 923 2719 caeci

75 2746 99 2775 ac
116 2732 226 2785 ignorantis
241 2734 342 2785 Demiurgi
361 2745 422 2786 opus;
441 2733 526 2774 salutem
544 2747 650 2786 capessere
665 2735 739 2775 nullam
753 2741 829 2788 potest,
852 2735 924 2775 sedin

75 2791 214 2843 corruptelam,
229 2791 282 2831 unde
296 2791 377 2830 initium
391 2790 468 2838 sumsit,
484 2791 541 2830 cedat
555 2803 638 2831 necesse
653 2796 690 2831 est.
718 2792 773 2833 Haeo
787 2800 834 2833 vero
846 2792 923 2844 impiis-

74 2847 121 2888 simi
136 2847 235 2899 dogmatis
250 2847 374 2888 eonseetaria
387 2847 502 2887 raeccssaria
516 2848 579 2888 tuere.
609 2845 639 2888 1⁰.
653 2848 707 2888 Nihil
722 2862 733 2889 a
747 2849 809 2890 blaria
824 2850 925 2890 Christum

75 2904 184 2957 accepisse,
201 2904 237 2943 scd
250 2916 287 2955 per
301 2918 351 2950 eant,
366 2904 427 2945 veluti
442 2916 514 2955 aquam
522 2917 559 2956 per
566 2904 640 2953 tubum,
656 2905 768 2946 transiisse.
798 2906 924 2954 Quumenitn

75 2961 161 3013 hylicum
176 2960 227 3001 nihil
241 2962 358 3012 susceperit,
373 2961 410 3001 sed
425 2973 498 3013 eorpus
510 2960 533 3000 ab
542 2961 606 3014 hylico
616 2974 653 3003 seu
660 2962 765 3010 materiali,
774 2964 827 3015 quod
835 2963 925 3004 omnium

77 3018 179 3058 hominum
194 3024 230 3066 est,
245 3017 316 3070 prooul
330 3018 430 3059 diversum
445 3018 560 3069 gestaverit,
576 3018 600 3058 ab
616 3032 639 3060 ea
653 3018 740 3060 mittuari
750 3020 878 3072 nihilpotuit,
887 3032 925 3059 nec

76 3075 97 3114 in
112 3074 155 3114 eius
171 3079 227 3114 attero
242 3073 335 3120 lormari,
356 3087 379 3115 er
394 3087 432 3126 qua
446 3074 523 3115 nullum
537 3074 577 3115 nisi
591 3076 678 3128 hylicum
693 3081 713 3117 ct
727 3076 756 3116 illi
772 3077 837 3118 simile
852 3088 924 3129 corpus
