1936 3304
96 175 137 216 ata
371 185 389 212 v.
409 183 506 212 umsvoca
520 183 593 211 tranum
609 183 670 211 tuom

96 287 149 336 Ergo
164 284 251 325 fateatur
269 284 367 337 ingenuus
381 284 465 324 Plaffius
481 288 560 335 oportet
574 295 680 336 perperam
696 284 734 324 ista
749 284 860 335 stagvneuta
875 297 891 325 s.
907 284 948 325 Ire-

95 355 146 383 naeo
162 342 265 381 tribuisse.

155 398 245 450 Septimo
255 398 305 437 toco
314 396 428 448 Scipionem
445 400 536 436 nostrum
551 400 652 436 sectantes
668 397 692 436 ad
708 397 783 436 calcem
797 395 876 436 tandem
891 397 948 436 veui-

96 467 147 503 mus,
164 460 223 507 atque
240 455 263 494 ad
279 452 459 493 celebratissimum
474 452 611 504 argumentum
627 465 638 491 a
654 452 699 492 stilo
714 453 804 504 petitum,
820 453 904 504 capitale
920 452 948 492 si-

96 511 178 563 quidem
193 512 213 550 in
230 510 324 561 operibus
340 515 443 549 auctorum
458 509 604 557 discernendis
620 508 713 560 quodque
728 509 768 548 vim
782 510 856 549 babere
868 508 947 548 absolu-

95 568 187 607 tissimae
202 565 378 606 demonstrationis
393 565 482 605 unanimi
498 578 599 606 consensu
614 565 694 605 criticae
710 565 759 604 artis
767 566 857 617 magistri
867 565 946 605 docent.

97 624 221 674 Quaanuam
242 627 306 661 autem
329 623 440 672 fragmenta
461 622 539 661 istbaec
560 622 644 662 frustula
667 621 763 673 quaedam
783 634 828 661 esse
842 621 948 661 videantur

97 680 148 719 adeo
163 691 229 730 parva,
252 682 274 717 ut
289 690 313 717 ex
327 678 400 717 iisdem
416 678 456 717 stili
472 679 570 717 rationem
586 683 605 717 et
620 679 703 717 formam
720 678 838 728 depromere
853 677 947 717 difficilli-

95 748 149 775 mum
169 735 229 786 plane
248 734 284 781 sit,
305 738 326 773 ut
344 741 400 774 recto
415 734 554 774 animadvertit
568 734 669 774 blalleius:
689 734 752 774 nihilo
767 739 833 774 tamen
848 734 914 773 secius
930 733 948 773 si

95 796 150 832 recte
170 791 316 839 examinentur,
338 796 518 843 comparenturque
538 804 582 831 cum
597 790 649 839 illis,
670 803 720 842 quae
736 795 790 830 cerlo
806 803 817 830 a
832 802 848 830 s.
863 790 963 834 Irenaeo

96 848 171 901 scripta
188 849 249 895 luere,
266 849 358 888 sulficere
374 861 435 900 posse
449 860 517 888 remur
532 848 556 887 ad
572 847 722 888 diiudicandum
737 847 761 887 de
769 846 815 887 iuis.
846 847 947 895 Quodcu-

96 911 183 958 tequam
193 905 284 952 iacimus,
300 905 327 944 sit
334 906 384 944 baec
391 904 458 956 regula
468 904 645 944 demonstrationis
653 903 713 944 buius
720 904 876 952 solidamentum,
889 916 948 956 quam

97 963 208 1015 exprimere
223 962 314 1002 volumus
329 961 438 1014 ipsissimis
452 961 518 1001 verbis
535 960 635 1001 Guiliclmi
651 961 702 1002 Cave
711 958 732 1011 ¹).

110 1097 152 1137 Vll.
168 1096 232 1139 Stilus
252 1099 352 1150 totiusque
372 1099 471 1153 orationis
491 1103 597 1137 actitemus
614 1096 671 1148 lonqe
686 1096 779 1136 diversus
794 1097 818 1137 ab
834 1108 855 1137 oo
872 1096 950 1137 dicendi

168 1155 290 1200 clicructere,
307 1166 345 1207 quo
360 1156 382 1193 iu
396 1156 488 1206 parietinis
504 1156 546 1192 sacis
561 1166 611 1193 rastis
619 1160 649 1193 est
656 1159 734 1200 erector,
749 1153 949 1205 ottonisestntnprco-

169 1211 200 1250 bct
214 1213 360 1262 suppositionis
375 1217 523 1262 coprutteutunt.

153 1299 244 1349 Longum
260 1304 313 1338 esset
329 1300 434 1338 ostendere
449 1298 509 1338 buius
525 1298 607 1338 cationis
622 1311 680 1338 usum
695 1298 748 1350 apud
762 1298 882 1346 Eusebium,
901 1299 948 1339 Hie-

96 1367 207 1407 ronymum,
224 1355 355 1402 Gennadium,
371 1355 471 1402 Photium,
488 1360 606 1406 ceterosque
615 1367 659 1394 cum
669 1359 753 1403 veteres,
768 1360 811 1394 tum
818 1355 948 1402 recentiores,

97 1424 147 1463 quos
162 1411 195 1450 bic
209 1411 313 1450 brevitatis
329 1422 400 1450 caussa
415 1411 537 1450 omittendos
553 1423 597 1450 esse
613 1411 711 1450 duximus.
741 1410 804 1458 „Orta
814 1411 869 1460 olim,
884 1412 950 1462 inquit

97 1469 158 1514 Cave,
178 1467 203 1506 de
219 1467 312 1518 Cypriani
331 1467 431 1507 sententia
447 1466 500 1506 circa
515 1466 637 1518 baptismum
652 1466 797 1506 baereticorum
814 1468 949 1507 controversia

97 1536 158 1575 quum
173 1523 263 1562 nonnulli
280 1522 375 1574 epistolas
391 1522 434 1562 eius
449 1522 487 1562 bac
503 1523 527 1562 de
542 1535 564 1562 re
580 1523 676 1562 confictas
690 1522 821 1571 clamitarent,
837 1523 949 1575 eastpri-

97 1579 130 1619 aui
154 1591 198 1619 esse
219 1592 243 1619 ex
263 1579 362 1619 sermonis
377 1584 454 1618 textura
470 1578 587 1619 diiudicavit
600 1577 757 1629 Augustinusb,
780 1592 804 1619 eo
820 1579 874 1631 quod
889 1580 948 1620 stilus

97 1638 146 1684 eiras,
162 1635 234 1688 iuquit,
258 1636 316 1677 dolet
331 1636 430 1689 parotidum
443 1639 550 1688 propriant
565 1636 647 1687 societte,
667 1648 706 1687 qua
721 1636 787 1688 possit
802 1635 891 1687 agnosci.
920 1636 950 1676 lta

96 1693 180 1733 Allatius
194 1693 324 1739 Graecorum,
340 1698 362 1733 ut
376 1692 465 1744 loquitur
480 1693 537 1741 Cave,
553 1692 589 1733 boc
604 1690 693 1744 sectum)
711 1692 767 1744 loupe
783 1693 909 1733 doctissimus
925 1705 951 1733 eoa

94 1750 173 1802 pltrasi,
189 1750 307 1797 electatione,
324 1752 431 1802 ceterisque
446 1750 524 1790 [licendi
536 1750 639 1802 (oraculis,
655 1749 765 1790 orationem
781 1750 806 1790 de
821 1748 916 1790 simeone
932 1756 951 1790 et

97 1811 154 1846 Anna
173 1806 249 1846 seniori
263 1807 365 1846 bletbodio
384 1806 499 1846 vindicavit.
528 1806 557 1846 lta
571 1806 647 1846 Natalis
663 1806 774 1846 Alexander
794 1820 818 1847 ex
837 1807 884 1847 stilo
900 1809 950 1848 otiu·-

98 1864 154 1903 dioro
173 1862 249 1902 iudicat
263 1863 288 1902 de
303 1863 392 1902 trinitate
407 1862 480 1902 librum
496 1862 546 1902 lalso
562 1863 624 1902 fuisse
639 1863 762 1903 Tertulliano
777 1863 874 1903 tributum
888 1860 950 1919 otest)

153 1919 226 1959 Verum
241 1919 299 1958 stilus
315 1919 416 1958 slreuaei
432 1918 517 1971 simplex
531 1924 562 1958 est
577 1924 636 1971 atque
651 1919 728 1959 rudiori
742 1919 858 1971 plebeculae
871 1932 950 1960 accom-

96 1975 195 2023 modatus,
212 1976 265 2027 equod
280 1975 325 2015 siue
339 1975 458 2015 temeritatis
473 1980 521 2015 nota
535 1975 603 2015 dicere
618 1988 733 2027 possumus,
750 1988 809 2027 quum
824 1976 869 2027 ipse
884 1977 908 2016 de
921 1989 949 2023 se,

97 2032 162 2082 deque
177 2031 223 2071 stilo
240 2044 276 2071 suo
293 2031 398 2083 scripserit
406 2032 500 2071 irenaeus
508 2029 535 2081 ⁵J:
551 2031 609 2079 „Nou
625 2038 691 2072 autem
707 2032 799 2084 exquires
816 2032 899 2081 anobis,
916 2033 950 2085 qui

97 2089 150 2139 apud
166 2088 230 2127 Celtas
246 2100 402 2134 conunoramur,
422 2092 441 2127 et
460 2088 480 2127 in
496 2088 604 2127 bailiarum
618 2100 732 2128 sermonem
747 2087 865 2140 plerumque
880 2101 950 2129 avoca-

97 2156 151 2191 mur,
176 2144 273 2183 ovationis
293 2149 365 2191 artem,
388 2156 447 2195 quam
466 2156 508 2183 nou
523 2144 641 2192 didicimus,
664 2157 729 2196 neque
743 2144 782 2184 vim
799 2144 950 2196 conscriptoris,

98 2212 157 2251 quam
172 2213 213 2239 nou
229 2199 376 2247 affectavimuS,
392 2212 458 2251 neque
474 2205 613 2239 ornamentum
627 2201 744 2248 verborum,
760 2214 825 2252 neque
841 2202 950 2248 suadelam,

98 2268 157 2307 quam
172 2257 281 2303 nescimus,
297 2256 333 2295 sed
349 2255 477 2307 simpliciter,
494 2263 513 2295 et
528 2268 584 2303 ver'e,
601 2261 621 2295 et
635 2256 717 2296 idiotice
733 2270 766 2304 ea,
788 2269 838 2308 quae
853 2257 890 2297 tibi
906 2269 951 2297 cum

97 2312 206 2351 dilectione
229 2312 304 2363 scripta
320 2318 376 2359 sunt,
400 2323 445 2351 cum
461 2311 569 2351 dilectione
583 2312 706 2363 lie1·cipies.“
744 2313 835 2353 Ceterum
851 2313 952 2354 subtiliter

98 2376 117 2408 et
132 2368 211 2420 egregie
227 2368 344 2408 tractavisse
359 2366 470 2414 lrenaeum,
487 2368 540 2419 quod
556 2374 673 2420 susceperat
688 2374 835 2419 argumentum,
855 2376 914 2422 atque
931 2371 951 2409 in

97 2424 174 2465 dilticili
189 2425 286 2465 Aeonum>
300 2424 385 2465 scientia
409 2429 429 2465 et
447 2424 539 2464 abstrusa
559 2425 649 2477 apprime
664 2425 727 2466 luisse
741 2432 851 2475 versatum,
875 2431 950 2466 certum

98 2486 134 2522 est.
165 2482 222 2530 Quod
231 2481 363 2534 Hieronymus
371 2478 388 2533 ὃ)
404 2482 518 2533 ponderans
526 2481 603 2521 irenaei
615 2495 728 2523 sermonem
738 2484 874 2524 doctissimum
882 2484 950 2535 appel-

97 2538 150 2587 lavit,
166 2545 186 2579 et
201 2539 384 2592 eloquentissimum
398 2543 481 2590 propter
495 2550 528 2578 res
541 2538 638 2580 niunrum
652 2545 752 2588 tractatas,
769 2552 819 2592 quae
834 2539 950 2580 testimonio

96 2595 193 2636 Demetrii
208 2596 301 2636 Phalerei
323 2604 343 2636 et
357 2595 449 2647 Dionysii
464 2595 549 2646 Longini
569 2596 593 2636 ad
613 2596 748 2649 eloquentiam
767 2597 852 2637 rivaxime
868 2597 950 2646 iaciunt,

97 2665 138 2696 nou
154 2659 220 2693 autem
235 2657 319 2705 propter
332 2652 401 2692 verba.
432 2652 488 2691 Unde
503 2653 527 2691 de
543 2654 640 2694 ecclesiae
656 2653 745 2694 doctoris
753 2654 799 2693 stilo
809 2653 867 2693 verba
875 2654 951 2694 faciens

98 2709 209 2761 Cyprianus
223 2710 313 2762 loquitur
327 2709 348 2750 in
363 2709 416 2749 ltauo
432 2709 560 2749 senteutiam:
577 2724 637 2763 qucum
652 2711 724 2751 rleDeo
739 2723 780 2751 uooo
795 2719 825 2752 est
839 2712 893 2750 cocis
910 2715 951 2752 sin-·

99 2769 182 2813 ceritas,
197 2780 239 2807 non
254 2767 378 2819 eloquentiae
394 2766 472 2805 oirilnts
488 2768 572 2814 enititur,
589 2768 624 2807 scd
639 2764 729 2818 vetusti.
759 2768 775 2807 Α
791 2780 830 2819 quo
845 2780 870 2807 ue
886 2774 952 2808 traus-

97 2835 177 2863 versum
200 2823 281 2874 quidem
305 2836 391 2875 irriguam
414 2822 500 2862 discedit
514 2823 648 2875 Arrgustiuus,
672 2824 705 2875 qui
725 2824 795 2864 eadem
814 2825 838 2864 de
853 2837 875 2864 re
891 2837 951 2876 agens

146 2956 161 2996 l)
173 2957 235 2998 Proleg.
253 2962 291 2990 sect.
305 2958 320 2990 4.
333 2968 365 2999 reg.
379 2959 395 2990 t.
431 2957 564 2996 2lbdliucent.
578 2958 664 3000 epulas.
701 2958 717 2998 3)
730 2959 783 2991 Secul.
796 2959 812 2991 3.
847 2960 864 2999 al)
876 2960 922 2992 Toni.
935 2961 951 2992 3.

99 3001 115 3036 bl
128 3002 161 3033 bib.
175 3002 190 3033 1.
202 3004 263 3035 advers.
276 3004 319 3036 haer.
333 3004 348 3035 in
360 3004 451 3045 prooemio.
499 3003 514 3042 b]
527 3003 595 3046 Epistol.
608 3004 695 3037 adTbcod.
709 3004 740 3036 lid.
780 3005 796 3044 l)
809 3005 895 3038 ndllonat.
905 3007 951 3047 epist.
