<?xml version="1.0" encoding="UTF-8"?>
<!DOCTYPE html PUBLIC "-//W3C//DTD XHTML 1.0 Transitional//EN"
    "http://www.w3.org/TR/xhtml1/DTD/xhtml1-transitional.dtd">
<html xmlns="http://www.w3.org/1999/xhtml" xml:lang="en" lang="en">
 <head>
  <title>
</title>
<meta http-equiv="Content-Type" content="text/html;charset=utf-8" />
  <meta name='ocr-system' content='tesseract 3.04.00' />
  <meta name='ocr-capabilities' content='ocr_page ocr_carea ocr_par ocr_line ocrx_word'/>
</head>
<body>
  <div class='ocr_page' id='page_1' title='image "./MN41654ucmf_1_0544.png"; bbox 0 0 1936 3304; ppageno 0'>
   <div class='ocr_carea' id='block_1_1' title="bbox 50 204 706 245">
    <p class='ocr_par' dir='ltr' id='par_1_1' title="bbox 50 204 706 245">
     <span class='ocr_line' id='line_1_1' title="bbox 50 204 706 245; baseline -0.006 0"><span class='ocrx_word' id='word_1_1' title='bbox 50 204 91 245; x_wconf 82' lang='lat'>508</span> <span class='ocrx_word' id='word_1_2' title='bbox 246 214 282 242; x_wconf 89' lang='lat' dir='ltr'>vn.</span> <span class='ocrx_word' id='word_1_3' title='bbox 305 215 337 243; x_wconf 83' lang='lat' dir='ltr'>vn.</span> <span class='ocrx_word' id='word_1_4' title='bbox 355 214 457 242; x_wconf 57' lang='lat' dir='ltr'>vnrtucrscr</span> <span class='ocrx_word' id='word_1_5' title='bbox 473 212 518 241; x_wconf 49' lang='lat' dir='ltr'>trita.</span> <span class='ocrx_word' id='word_1_6' title='bbox 534 213 594 241; x_wconf 72' lang='lat' dir='ltr'>suoru</span> <span class='ocrx_word' id='word_1_7' title='bbox 609 213 706 241; x_wconf 82' lang='lat' dir='ltr'>uvtsrott</span> 
     </span>
    </p>
   </div>
   <div class='ocr_carea' id='block_1_2' title="bbox 49 313 935 2913">
    <p class='ocr_par' dir='ltr' id='par_1_2' title="bbox 49 313 935 2913">
     <span class='ocr_line' id='line_1_2' title="bbox 50 313 902 366; baseline -0.001 -13"><span class='ocrx_word' id='word_1_8' title='bbox 50 313 178 366; x_wconf 78' lang='lat' dir='ltr'>disciplinam</span> <span class='ocrx_word' id='word_1_9' title='bbox 193 313 281 355; x_wconf 83' lang='lat' dir='ltr'>fideliter</span> <span class='ocrx_word' id='word_1_10' title='bbox 295 315 410 355; x_wconf 85' lang='lat' dir='ltr'>nationibus</span> <span class='ocrx_word' id='word_1_11' title='bbox 426 313 603 364; x_wconf 68' lang='lat' dir='ltr'>atlsignuverunt‘:</span> <span class='ocrx_word' id='word_1_12' title='bbox 623 318 642 352; x_wconf 90' lang='lat' dir='ltr'>et</span> <span class='ocrx_word' id='word_1_13' title='bbox 656 313 714 361; x_wconf 86' lang='lat' dir='ltr'>infra,</span> <span class='ocrx_word' id='word_1_14' title='bbox 731 313 780 363; x_wconf 91' lang='lat' dir='ltr'>„sed</span> <span class='ocrx_word' id='word_1_15' title='bbox 795 313 902 365; x_wconf 89' lang='lat' dir='ltr'>inprimis</span> 
     </span>
     <span class='ocr_line' id='line_1_3' title="bbox 50 369 903 424; baseline 0.001 -15"><span class='ocrx_word' id='word_1_16' title='bbox 50 371 89 411; x_wconf 87' lang='lat' dir='ltr'>hoc</span> <span class='ocrx_word' id='word_1_17' title='bbox 103 383 195 423; x_wconf 80' lang='lat' dir='ltr'>propono</span> <span class='ocrx_word' id='word_1_18' title='bbox 212 370 314 424; x_wconf 68' lang='lat' dir='ltr'>(inquitb)</span> <span class='ocrx_word' id='word_1_19' title='bbox 330 383 389 411; x_wconf 86' lang='lat' dir='ltr'>tinum</span> <span class='ocrx_word' id='word_1_20' title='bbox 402 369 482 422; x_wconf 78' lang='lat' dir='ltr'>utique,</span> <span class='ocrx_word' id='word_1_21' title='bbox 493 375 512 409; x_wconf 88' lang='lat' dir='ltr'>et</span> <span class='ocrx_word' id='word_1_22' title='bbox 527 375 603 410; x_wconf 89' lang='lat' dir='ltr'>certum</span> <span class='ocrx_word' id='word_1_23' title='bbox 618 370 693 422; x_wconf 89' lang='lat' dir='ltr'>aliquid</span> <span class='ocrx_word' id='word_1_24' title='bbox 709 370 821 411; x_wconf 89' lang='lat' dir='ltr'>institutum</span> <span class='ocrx_word' id='word_1_25' title='bbox 837 382 903 410; x_wconf 81' lang='lat' dir='ltr'>ossea</span> 
     </span>
     <span class='ocr_line' id='line_1_4' title="bbox 51 426 904 480; baseline -0.002 -12"><span class='ocrx_word' id='word_1_26' title='bbox 51 427 137 476; x_wconf 81' lang='lat' dir='ltr'>Christo,</span> <span class='ocrx_word' id='word_1_27' title='bbox 154 429 208 480; x_wconf 92' lang='lat' dir='ltr'>quod</span> <span class='ocrx_word' id='word_1_28' title='bbox 224 428 305 469; x_wconf 85' lang='lat' dir='ltr'>eredere</span> <span class='ocrx_word' id='word_1_29' title='bbox 321 427 402 467; x_wconf 88' lang='lat' dir='ltr'>onmino</span> <span class='ocrx_word' id='word_1_30' title='bbox 418 427 503 467; x_wconf 89' lang='lat' dir='ltr'>debcant</span> <span class='ocrx_word' id='word_1_31' title='bbox 518 427 620 474; x_wconf 87' lang='lat' dir='ltr'>nationes,</span> <span class='ocrx_word' id='word_1_32' title='bbox 637 426 747 467; x_wconf 84' lang='lat' dir='ltr'>etidcirco</span> <span class='ocrx_word' id='word_1_33' title='bbox 763 439 866 479; x_wconf 68' lang='lat' dir='ltr'>qumrerc,</span> <span class='ocrx_word' id='word_1_34' title='bbox 882 430 904 466; x_wconf 91' lang='lat' dir='ltr'>ut</span> 
     </span>
     <span class='ocr_line' id='line_1_5' title="bbox 49 482 903 537; baseline -0.001 -14"><span class='ocrx_word' id='word_1_35' title='bbox 49 484 136 536; x_wconf 78' lang='lat' dir='ltr'>possint,</span> <span class='ocrx_word' id='word_1_36' title='bbox 153 498 214 537; x_wconf 90' lang='lat' dir='ltr'>quum</span> <span class='ocrx_word' id='word_1_37' title='bbox 228 484 345 530; x_wconf 88' lang='lat' dir='ltr'>invenerint,</span> <span class='ocrx_word' id='word_1_38' title='bbox 361 483 450 524; x_wconf 78' lang='lat' dir='ltr'>credero.</span> <span class='ocrx_word' id='word_1_39' title='bbox 480 483 543 524; x_wconf 81' lang='lat' dir='ltr'>Unius</span> <span class='ocrx_word' id='word_1_40' title='bbox 558 496 618 536; x_wconf 91' lang='lat' dir='ltr'>porro</span> <span class='ocrx_word' id='word_1_41' title='bbox 634 488 654 523; x_wconf 89' lang='lat' dir='ltr'>et</span> <span class='ocrx_word' id='word_1_42' title='bbox 669 485 718 523; x_wconf 87' lang='lat' dir='ltr'>certi</span> <span class='ocrx_word' id='word_1_43' title='bbox 732 484 817 524; x_wconf 89' lang='lat' dir='ltr'>instituti</span> <span class='ocrx_word' id='word_1_44' title='bbox 825 482 903 523; x_wconf 82' lang='lat' dir='ltr'>infinita</span> 
     </span>
     <span class='ocr_line' id='line_1_6' title="bbox 50 540 903 593; baseline -0.001 -13"><span class='ocrx_word' id='word_1_45' title='bbox 50 541 155 593; x_wconf 73' lang='lat' dir='ltr'>inquisitio</span> <span class='ocrx_word' id='word_1_46' title='bbox 176 555 221 582; x_wconf 89' lang='lat' dir='ltr'>esse</span> <span class='ocrx_word' id='word_1_47' title='bbox 239 554 280 581; x_wconf 89' lang='lat' dir='ltr'>non</span> <span class='ocrx_word' id='word_1_48' title='bbox 299 544 366 591; x_wconf 90' lang='lat' dir='ltr'>potest</span> <span class='ocrx_word' id='word_1_49' title='bbox 385 544 436 580; x_wconf 77' lang='lat' dir='ltr'>etc.“</span> <span class='ocrx_word' id='word_1_50' title='bbox 471 540 529 588; x_wconf 81' lang='lat' dir='ltr'>Quod</span> <span class='ocrx_word' id='word_1_51' title='bbox 544 540 656 581; x_wconf 88' lang='lat' dir='ltr'>universale</span> <span class='ocrx_word' id='word_1_52' title='bbox 671 540 818 593; x_wconf 83' lang='lat' dir='ltr'>praescriptum</span> <span class='ocrx_word' id='word_1_53' title='bbox 833 552 903 580; x_wconf 91' lang='lat' dir='ltr'>rursus</span> 
     </span>
     <span class='ocr_line' id='line_1_7' title="bbox 50 595 903 650; baseline 0 -14"><span class='ocrx_word' id='word_1_54' title='bbox 50 598 139 645; x_wconf 86' lang='lat' dir='ltr'>adhibet,</span> <span class='ocrx_word' id='word_1_55' title='bbox 155 611 215 650; x_wconf 86' lang='lat' dir='ltr'>qtnnn</span> <span class='ocrx_word' id='word_1_56' title='bbox 231 598 255 637; x_wconf 90' lang='lat' dir='ltr'>dc</span> <span class='ocrx_word' id='word_1_57' title='bbox 269 597 370 648; x_wconf 85' lang='lat' dir='ltr'>baptismo</span> <span class='ocrx_word' id='word_1_58' title='bbox 386 597 432 647; x_wconf 78' lang='lat' dir='ltr'>agit.</span> <span class='ocrx_word' id='word_1_59' title='bbox 461 598 540 637; x_wconf 80' lang='lat' dir='ltr'>ltiserte</span> <span class='ocrx_word' id='word_1_60' title='bbox 555 597 654 649; x_wconf 89' lang='lat' dir='ltr'>siqnidem</span> <span class='ocrx_word' id='word_1_61' title='bbox 670 595 751 647; x_wconf 64' lang='lat' dir='ltr'>docetlt</span> <span class='ocrx_word' id='word_1_62' title='bbox 771 598 849 648; x_wconf 80' lang='lat' dir='ltr'>„legem</span> <span class='ocrx_word' id='word_1_63' title='bbox 863 596 903 636; x_wconf 89' lang='lat' dir='ltr'>tin-</span> 
     </span>
     <span class='ocr_line' id='line_1_8' title="bbox 50 653 935 707; baseline -0.002 -13"><span class='ocrx_word' id='word_1_64' title='bbox 50 656 111 706; x_wconf 72' lang='lat' dir='ltr'>gendi</span> <span class='ocrx_word' id='word_1_65' title='bbox 126 655 239 707; x_wconf 86' lang='lat' dir='ltr'>impositam</span> <span class='ocrx_word' id='word_1_66' title='bbox 254 666 309 699; x_wconf 89' lang='lat' dir='ltr'>csse,</span> <span class='ocrx_word' id='word_1_67' title='bbox 330 659 349 692; x_wconf 92' lang='lat' dir='ltr'>et</span> <span class='ocrx_word' id='word_1_68' title='bbox 369 654 621 706; x_wconf 82' lang='lat' dir='ltr'>formampraescriptam.</span> <span class='ocrx_word' id='word_1_69' title='bbox 650 654 689 701; x_wconf 82' lang='lat' dir='ltr'>lte,</span> <span class='ocrx_word' id='word_1_70' title='bbox 705 653 779 706; x_wconf 83' lang='lat' dir='ltr'>inquit,</span> <span class='ocrx_word' id='word_1_71' title='bbox 796 654 903 693; x_wconf 87' lang='lat' dir='ltr'>adomnes</span> <span class='ocrx_word' id='word_1_72' title='bbox 934 698 935 701; x_wconf 11' lang='grc' dir='ltr'><strong>Ἴ</strong></span> 
     </span>
     <span class='ocr_line' id='line_1_9' title="bbox 51 710 903 763; baseline -0.004 -11"><span class='ocrx_word' id='word_1_73' title='bbox 51 718 121 763; x_wconf 72' lang='lat' dir='ltr'>gentes</span> <span class='ocrx_word' id='word_1_74' title='bbox 137 711 234 761; x_wconf 83' lang='lat' dir='ltr'>tingentes</span> <span class='ocrx_word' id='word_1_75' title='bbox 250 722 285 749; x_wconf 87' lang='lat' dir='ltr'>eos</span> <span class='ocrx_word' id='word_1_76' title='bbox 300 710 321 749; x_wconf 90' lang='lat' dir='ltr'>in</span> <span class='ocrx_word' id='word_1_77' title='bbox 336 711 418 751; x_wconf 81' lang='lat' dir='ltr'>noratino</span> <span class='ocrx_word' id='word_1_78' title='bbox 429 711 498 752; x_wconf 80' lang='lat' dir='ltr'>Putris</span> <span class='ocrx_word' id='word_1_79' title='bbox 513 710 802 763; x_wconf 80' lang='lat' dir='ltr'>etFiliietSpiritussoncti.“</span> <span class='ocrx_word' id='word_1_80' title='bbox 822 710 903 750; x_wconf 88' lang='lat' dir='ltr'>llerutn-</span> 
     </span>
     <span class='ocr_line' id='line_1_10' title="bbox 51 766 904 819; baseline -0.004 -11"><span class='ocrx_word' id='word_1_81' title='bbox 51 774 117 808; x_wconf 88' lang='lat' dir='ltr'>tumen</span> <span class='ocrx_word' id='word_1_82' title='bbox 133 768 157 807; x_wconf 92' lang='lat' dir='ltr'>de</span> <span class='ocrx_word' id='word_1_83' title='bbox 172 772 296 806; x_wconf 76' lang='lat' dir='ltr'>sacramento</span> <span class='ocrx_word' id='word_1_84' title='bbox 312 767 445 807; x_wconf 85' lang='lat' dir='ltr'>eucharistiae</span> <span class='ocrx_word' id='word_1_85' title='bbox 460 767 480 807; x_wconf 89' lang='lat' dir='ltr'>id</span> <span class='ocrx_word' id='word_1_86' title='bbox 496 767 555 807; x_wconf 86' lang='lat' dir='ltr'>etiam</span> <span class='ocrx_word' id='word_1_87' title='bbox 572 767 644 807; x_wconf 87' lang='lat' dir='ltr'>clarius</span> <span class='ocrx_word' id='word_1_88' title='bbox 660 767 761 819; x_wconf 77' lang='lat' dir='ltr'>explicuit,</span> <span class='ocrx_word' id='word_1_89' title='bbox 778 779 838 819; x_wconf 89' lang='lat' dir='ltr'>quum</span> <span class='ocrx_word' id='word_1_90' title='bbox 853 766 904 806; x_wconf 88' lang='lat' dir='ltr'>scri-</span> 
     </span>
     <span class='ocr_line' id='line_1_11' title="bbox 50 822 903 876; baseline -0.002 -12"><span class='ocrx_word' id='word_1_91' title='bbox 50 825 101 876; x_wconf 85' lang='lat' dir='ltr'>psit,</span> <span class='ocrx_word' id='word_1_92' title='bbox 121 825 219 863; x_wconf 84' lang='lat' dir='ltr'>rationem</span> <span class='ocrx_word' id='word_1_93' title='bbox 235 824 384 864; x_wconf 84' lang='lat' dir='ltr'>consecrandae</span> <span class='ocrx_word' id='word_1_94' title='bbox 400 823 533 864; x_wconf 83' lang='lat' dir='ltr'>eucharistiae</span> <span class='ocrx_word' id='word_1_95' title='bbox 549 824 649 864; x_wconf 78' lang='lat' dir='ltr'>Christum</span> <span class='ocrx_word' id='word_1_96' title='bbox 664 822 787 874; x_wconf 73' lang='lat' dir='ltr'>docuisse3),</span> <span class='ocrx_word' id='word_1_97' title='bbox 809 823 903 875; x_wconf 89' lang='lat' dir='ltr'>„quando</span> 
     </span>
     <span class='ocr_line' id='line_1_12' title="bbox 50 880 905 933; baseline 0 -13"><span class='ocrx_word' id='word_1_98' title='bbox 50 886 154 933; x_wconf 90' lang='lat' dir='ltr'>acceptum</span> <span class='ocrx_word' id='word_1_99' title='bbox 176 892 249 932; x_wconf 71' lang='lat' dir='ltr'>patum</span> <span class='ocrx_word' id='word_1_100' title='bbox 271 892 344 932; x_wconf 90' lang='lat' dir='ltr'>corpus</span> <span class='ocrx_word' id='word_1_101' title='bbox 366 893 423 920; x_wconf 91' lang='lat' dir='ltr'>suum</span> <span class='ocrx_word' id='word_1_102' title='bbox 445 881 493 920; x_wconf 86' lang='lat' dir='ltr'>lecit</span> <span class='ocrx_word' id='word_1_103' title='bbox 511 881 606 928; x_wconf 89' lang='lat' dir='ltr'>dicendo,</span> <span class='ocrx_word' id='word_1_104' title='bbox 622 880 672 920; x_wconf 74' lang='lat' dir='ltr'>vHoc</span> <span class='ocrx_word' id='word_1_105' title='bbox 688 888 718 921; x_wconf 85' lang='lat' dir='ltr'>cst</span> <span class='ocrx_word' id='word_1_106' title='bbox 733 883 905 933; x_wconf 78' lang='lat' dir='ltr'>corpusttteuttt.“</span> 
     </span>
     <span class='ocr_line' id='line_1_13' title="bbox 50 937 906 989; baseline -0.002 -13"><span class='ocrx_word' id='word_1_107' title='bbox 50 938 151 976; x_wconf 77' lang='lat' dir='ltr'>Hactenus</span> <span class='ocrx_word' id='word_1_108' title='bbox 168 945 245 989; x_wconf 72' lang='lat' dir='ltr'>pauco,</span> <span class='ocrx_word' id='word_1_109' title='bbox 269 950 279 976; x_wconf 85' lang='lat' dir='ltr'>a</span> <span class='ocrx_word' id='word_1_110' title='bbox 302 937 374 988; x_wconf 92' lang='lat' dir='ltr'>quibus</span> <span class='ocrx_word' id='word_1_111' title='bbox 396 937 456 977; x_wconf 88' lang='lat' dir='ltr'>veluti</span> <span class='ocrx_word' id='word_1_112' title='bbox 475 950 486 977; x_wconf 93' lang='lat' dir='ltr'>a</span> <span class='ocrx_word' id='word_1_113' title='bbox 506 937 617 977; x_wconf 86' lang='lat' dir='ltr'>clarissima</span> <span class='ocrx_word' id='word_1_114' title='bbox 637 938 762 989; x_wconf 75' lang='lat' dir='ltr'>perennique</span> <span class='ocrx_word' id='word_1_115' title='bbox 776 949 826 976; x_wconf 88' lang='lat' dir='ltr'>vena</span> <span class='ocrx_word' id='word_1_116' title='bbox 841 937 906 976; x_wconf 83' lang='lat' dir='ltr'>tlunnt</span> 
     </span>
     <span class='ocr_line' id='line_1_14' title="bbox 50 992 905 1045; baseline -0.001 -12"><span class='ocrx_word' id='word_1_117' title='bbox 50 993 164 1033; x_wconf 86' lang='lat' dir='ltr'>traditionis</span> <span class='ocrx_word' id='word_1_118' title='bbox 180 1005 278 1041; x_wconf 89' lang='lat' dir='ltr'>canones,</span> <span class='ocrx_word' id='word_1_119' title='bbox 294 999 314 1033; x_wconf 91' lang='lat' dir='ltr'>et</span> <span class='ocrx_word' id='word_1_120' title='bbox 329 994 422 1045; x_wconf 88' lang='lat' dir='ltr'>antiquae</span> <span class='ocrx_word' id='word_1_121' title='bbox 439 993 535 1034; x_wconf 87' lang='lat' dir='ltr'>ecclesiae</span> <span class='ocrx_word' id='word_1_122' title='bbox 551 993 671 1045; x_wconf 89' lang='lat' dir='ltr'>disciplinae</span> <span class='ocrx_word' id='word_1_123' title='bbox 687 1007 723 1034; x_wconf 88' lang='lat' dir='ltr'>ceu</span> <span class='ocrx_word' id='word_1_124' title='bbox 738 993 795 1033; x_wconf 91' lang='lat' dir='ltr'>rivuli</span> <span class='ocrx_word' id='word_1_125' title='bbox 812 992 905 1033; x_wconf 88' lang='lat' dir='ltr'>accersiti</span> 
     </span>
     <span class='ocr_line' id='line_1_15' title="bbox 51 1049 904 1102; baseline 0 -13"><span class='ocrx_word' id='word_1_126' title='bbox 51 1055 71 1089; x_wconf 90' lang='lat' dir='ltr'>et</span> <span class='ocrx_word' id='word_1_127' title='bbox 86 1051 110 1090; x_wconf 91' lang='lat' dir='ltr'>ab</span> <span class='ocrx_word' id='word_1_128' title='bbox 126 1051 171 1102; x_wconf 88' lang='lat' dir='ltr'>ipso</span> <span class='ocrx_word' id='word_1_129' title='bbox 187 1051 253 1101; x_wconf 88' lang='lat' dir='ltr'>capite</span> <span class='ocrx_word' id='word_1_130' title='bbox 269 1051 330 1089; x_wconf 89' lang='lat' dir='ltr'>ducti.</span> <span class='ocrx_word' id='word_1_131' title='bbox 361 1050 419 1097; x_wconf 83' lang='lat' dir='ltr'>Quod</span> <span class='ocrx_word' id='word_1_132' title='bbox 434 1051 452 1089; x_wconf 91' lang='lat' dir='ltr'>si</span> <span class='ocrx_word' id='word_1_133' title='bbox 467 1049 532 1090; x_wconf 84' lang='lat' dir='ltr'>rattnn</span> <span class='ocrx_word' id='word_1_134' title='bbox 547 1049 606 1090; x_wconf 89' lang='lat' dir='ltr'>etiam</span> <span class='ocrx_word' id='word_1_135' title='bbox 622 1063 633 1089; x_wconf 79' lang='lat' dir='ltr'>a</span> <span class='ocrx_word' id='word_1_136' title='bbox 648 1050 695 1091; x_wconf 90' lang='lat' dir='ltr'>viris</span> <span class='ocrx_word' id='word_1_137' title='bbox 704 1050 804 1101; x_wconf 80' lang='lat' dir='ltr'>theologis</span> <span class='ocrx_word' id='word_1_138' title='bbox 816 1062 904 1102; x_wconf 91' lang='lat' dir='ltr'>pronun-</span> 
     </span>
     <span class='ocr_line' id='line_1_16' title="bbox 51 1106 905 1160; baseline 0 -14"><span class='ocrx_word' id='word_1_139' title='bbox 51 1107 123 1147; x_wconf 87' lang='lat' dir='ltr'>ciatum</span> <span class='ocrx_word' id='word_1_140' title='bbox 139 1107 187 1146; x_wconf 92' lang='lat' dir='ltr'>illud</span> <span class='ocrx_word' id='word_1_141' title='bbox 203 1106 407 1155; x_wconf 85' lang='lat' dir='ltr'>iuris-consultorum,</span> <span class='ocrx_word' id='word_1_142' title='bbox 426 1106 463 1147; x_wconf 87' lang='lat' dir='ltr'>Ubi</span> <span class='ocrx_word' id='word_1_143' title='bbox 478 1107 510 1147; x_wconf 78' lang='lat' dir='ltr'>tce</span> <span class='ocrx_word' id='word_1_144' title='bbox 524 1119 566 1146; x_wconf 81' lang='lat' dir='ltr'>uon</span> <span class='ocrx_word' id='word_1_145' title='bbox 582 1107 692 1158; x_wconf 68' lang='lat' dir='ltr'>dictoque,</span> <span class='ocrx_word' id='word_1_146' title='bbox 708 1119 771 1160; x_wconf 79' lang='lat' dir='ltr'>itaque</span> <span class='ocrx_word' id='word_1_147' title='bbox 785 1119 823 1146; x_wconf 81' lang='lat' dir='ltr'>taos</span> <span class='ocrx_word' id='word_1_148' title='bbox 833 1107 905 1146; x_wconf 73' lang='lat' dir='ltr'>(listin-</span> 
     </span>
     <span class='ocr_line' id='line_1_17' title="bbox 50 1162 906 1216; baseline -0.001 -13"><span class='ocrx_word' id='word_1_149' title='bbox 50 1176 110 1215; x_wconf 80' lang='lat' dir='ltr'>qucre</span> <span class='ocrx_word' id='word_1_150' title='bbox 125 1165 223 1209; x_wconf 70' lang='lat' dir='ltr'>(labeonis,</span> <span class='ocrx_word' id='word_1_151' title='bbox 239 1176 319 1215; x_wconf 85' lang='lat' dir='ltr'>semper</span> <span class='ocrx_word' id='word_1_152' title='bbox 332 1164 423 1204; x_wconf 86' lang='lat' dir='ltr'>habitum</span> <span class='ocrx_word' id='word_1_153' title='bbox 439 1168 475 1211; x_wconf 88' lang='lat' dir='ltr'>est,</span> <span class='ocrx_word' id='word_1_154' title='bbox 491 1164 544 1216; x_wconf 91' lang='lat' dir='ltr'>quod</span> <span class='ocrx_word' id='word_1_155' title='bbox 560 1163 805 1215; x_wconf 72' lang='lat' dir='ltr'>saepedivusllernardus</span> <span class='ocrx_word' id='word_1_156' title='bbox 814 1162 906 1203; x_wconf 74' lang='lat' dir='ltr'>adtribuit</span> 
     </span>
     <span class='ocr_line' id='line_1_18' title="bbox 50 1219 905 1272; baseline -0.001 -13"><span class='ocrx_word' id='word_1_157' title='bbox 50 1220 82 1260; x_wconf 91' lang='lat' dir='ltr'>vel</span> <span class='ocrx_word' id='word_1_158' title='bbox 96 1221 153 1259; x_wconf 88' lang='lat' dir='ltr'>hisce</span> <span class='ocrx_word' id='word_1_159' title='bbox 167 1220 240 1268; x_wconf 88' lang='lat' dir='ltr'>verbis,</span> <span class='ocrx_word' id='word_1_160' title='bbox 255 1221 287 1260; x_wconf 92' lang='lat' dir='ltr'>vel</span> <span class='ocrx_word' id='word_1_161' title='bbox 301 1221 364 1260; x_wconf 81' lang='lat' dir='ltr'>terme</span> <span class='ocrx_word' id='word_1_162' title='bbox 379 1220 485 1268; x_wconf 83' lang='lat' dir='ltr'>similibus,</span> <span class='ocrx_word' id='word_1_163' title='bbox 515 1219 571 1260; x_wconf 81' lang='lat' dir='ltr'>Nihil</span> <span class='ocrx_word' id='word_1_164' title='bbox 590 1223 700 1272; x_wconf 71' lang='lat' dir='ltr'>excipitur,</span> <span class='ocrx_word' id='word_1_165' title='bbox 723 1221 759 1260; x_wconf 81' lang='lat' dir='ltr'>tibi</span> <span class='ocrx_word' id='word_1_166' title='bbox 773 1220 905 1272; x_wconf 80' lang='lat' dir='ltr'>distioput&#39;tur</span> 
     </span>
     <span class='ocr_line' id='line_1_19' title="bbox 52 1276 906 1324; baseline -0.001 -8"><span class='ocrx_word' id='word_1_167' title='bbox 52 1277 114 1316; x_wconf 81' lang='lat' dir='ltr'>niltil:</span> <span class='ocrx_word' id='word_1_168' title='bbox 131 1289 179 1316; x_wconf 79' lang='lat' dir='ltr'>sane</span> <span class='ocrx_word' id='word_1_169' title='bbox 190 1289 230 1316; x_wconf 89' lang='lat' dir='ltr'>non</span> <span class='ocrx_word' id='word_1_170' title='bbox 240 1276 305 1324; x_wconf 86' lang='lat' dir='ltr'>video,</span> <span class='ocrx_word' id='word_1_171' title='bbox 322 1289 357 1316; x_wconf 89' lang='lat' dir='ltr'>cur</span> <span class='ocrx_word' id='word_1_172' title='bbox 366 1277 483 1317; x_wconf 78' lang='lat' dir='ltr'>Tertulliani</span> <span class='ocrx_word' id='word_1_173' title='bbox 498 1276 558 1316; x_wconf 84' lang='lat' dir='ltr'>verba</span> <span class='ocrx_word' id='word_1_174' title='bbox 574 1288 614 1315; x_wconf 88' lang='lat' dir='ltr'>nort</span> <span class='ocrx_word' id='word_1_175' title='bbox 630 1277 670 1316; x_wconf 91' lang='lat' dir='ltr'>sint</span> <span class='ocrx_word' id='word_1_176' title='bbox 679 1276 738 1316; x_wconf 89' lang='lat' dir='ltr'>etiam</span> <span class='ocrx_word' id='word_1_177' title='bbox 748 1276 772 1315; x_wconf 92' lang='lat' dir='ltr'>ad</span> <span class='ocrx_word' id='word_1_178' title='bbox 780 1280 906 1317; x_wconf 83' lang='lat' dir='ltr'>sacramenta</span> 
     </span>
     <span class='ocr_line' id='line_1_20' title="bbox 52 1332 905 1385; baseline 0 -14"><span class='ocrx_word' id='word_1_179' title='bbox 52 1333 96 1385; x_wconf 89' lang='lat' dir='ltr'>ipsa</span> <span class='ocrx_word' id='word_1_180' title='bbox 116 1332 228 1381; x_wconf 85' lang='lat' dir='ltr'>dilatanda,</span> <span class='ocrx_word' id='word_1_181' title='bbox 250 1346 310 1384; x_wconf 92' lang='lat' dir='ltr'>quum</span> <span class='ocrx_word' id='word_1_182' title='bbox 330 1334 429 1384; x_wconf 83' lang='lat' dir='ltr'>generalia</span> <span class='ocrx_word' id='word_1_183' title='bbox 449 1334 490 1372; x_wconf 81' lang='lat' dir='ltr'>sint</span> <span class='ocrx_word' id='word_1_184' title='bbox 507 1333 587 1384; x_wconf 87' lang='lat' dir='ltr'>lateque</span> <span class='ocrx_word' id='word_1_185' title='bbox 602 1338 689 1384; x_wconf 72' lang='lat' dir='ltr'>proteant.</span> <span class='ocrx_word' id='word_1_186' title='bbox 719 1333 759 1373; x_wconf 87' lang='lat' dir='ltr'>Sed</span> <span class='ocrx_word' id='word_1_187' title='bbox 775 1333 822 1385; x_wconf 91' lang='lat' dir='ltr'>quid</span> <span class='ocrx_word' id='word_1_188' title='bbox 837 1332 905 1373; x_wconf 86' lang='lat' dir='ltr'>rmtltis</span> 
     </span>
     <span class='ocr_line' id='line_1_21' title="bbox 50 1386 904 1441; baseline 0.001 -13"><span class='ocrx_word' id='word_1_189' title='bbox 50 1387 131 1429; x_wconf 65' lang='lat' dir='ltr'>verbis?</span> <span class='ocrx_word' id='word_1_190' title='bbox 161 1389 260 1429; x_wconf 85' lang='lat' dir='ltr'>Lutlierus</span> <span class='ocrx_word' id='word_1_191' title='bbox 276 1389 320 1440; x_wconf 90' lang='lat' dir='ltr'>ipse</span> <span class='ocrx_word' id='word_1_192' title='bbox 335 1390 415 1441; x_wconf 84' lang='lat' dir='ltr'>regulae</span> <span class='ocrx_word' id='word_1_193' title='bbox 430 1389 489 1429; x_wconf 90' lang='lat' dir='ltr'>lutius</span> <span class='ocrx_word' id='word_1_194' title='bbox 496 1389 599 1429; x_wconf 84' lang='lat' dir='ltr'>veritatem</span> <span class='ocrx_word' id='word_1_195' title='bbox 608 1389 693 1440; x_wconf 81' lang='lat' dir='ltr'>agnovit,</span> <span class='ocrx_word' id='word_1_196' title='bbox 709 1402 770 1441; x_wconf 83' lang='lat' dir='ltr'>qutun</span> <span class='ocrx_word' id='word_1_197' title='bbox 778 1390 843 1429; x_wconf 82' lang='lat' dir='ltr'>fassus</span> <span class='ocrx_word' id='word_1_198' title='bbox 852 1386 904 1439; x_wconf 75' lang='lat' dir='ltr'>cst4)</span> 
     </span>
     <span class='ocr_line' id='line_1_22' title="bbox 51 1445 905 1499; baseline -0.001 -14"><span class='ocrx_word' id='word_1_199' title='bbox 51 1446 118 1495; x_wconf 88' lang='lat' dir='ltr'>„clare</span> <span class='ocrx_word' id='word_1_200' title='bbox 131 1445 256 1497; x_wconf 79' lang='lat' dir='ltr'>expressisse</span> <span class='ocrx_word' id='word_1_201' title='bbox 265 1445 372 1494; x_wconf 78' lang='lat' dir='ltr'>Christum</span> <span class='ocrx_word' id='word_1_202' title='bbox 389 1458 438 1498; x_wconf 90' lang='lat' dir='ltr'>quas</span> <span class='ocrx_word' id='word_1_203' title='bbox 447 1445 631 1493; x_wconf 86' lang='lat' dir='ltr'>ceremoniasvelit,</span> <span class='ocrx_word' id='word_1_204' title='bbox 648 1446 763 1485; x_wconf 82' lang='lat' dir='ltr'>aetermam</span> <span class='ocrx_word' id='word_1_205' title='bbox 772 1445 839 1499; x_wconf 90' lang='lat' dir='ltr'>ipsum</span> <span class='ocrx_word' id='word_1_206' title='bbox 846 1458 905 1497; x_wconf 88' lang='lat' dir='ltr'>prae-</span> 
     </span>
     <span class='ocr_line' id='line_1_23' title="bbox 51 1501 906 1554; baseline 0 -13"><span class='ocrx_word' id='word_1_207' title='bbox 51 1502 165 1554; x_wconf 85' lang='lat' dir='ltr'>scripsisse,</span> <span class='ocrx_word' id='word_1_208' title='bbox 180 1508 202 1542; x_wconf 91' lang='lat' dir='ltr'>ut</span> <span class='ocrx_word' id='word_1_209' title='bbox 217 1501 250 1541; x_wconf 93' lang='lat' dir='ltr'>illa</span> <span class='ocrx_word' id='word_1_210' title='bbox 266 1502 310 1554; x_wconf 85' lang='lat' dir='ltr'>ipsa</span> <span class='ocrx_word' id='word_1_211' title='bbox 326 1503 388 1553; x_wconf 80' lang='lat' dir='ltr'>signa,</span> <span class='ocrx_word' id='word_1_212' title='bbox 404 1515 469 1554; x_wconf 91' lang='lat' dir='ltr'>neque</span> <span class='ocrx_word' id='word_1_213' title='bbox 485 1501 529 1547; x_wconf 86' lang='lat' dir='ltr'>alia,</span> <span class='ocrx_word' id='word_1_214' title='bbox 545 1501 579 1541; x_wconf 89' lang='lat' dir='ltr'>illa</span> <span class='ocrx_word' id='word_1_215' title='bbox 594 1501 639 1553; x_wconf 87' lang='lat' dir='ltr'>ipsa</span> <span class='ocrx_word' id='word_1_216' title='bbox 653 1501 719 1549; x_wconf 88' lang='lat' dir='ltr'>verba,</span> <span class='ocrx_word' id='word_1_217' title='bbox 735 1514 801 1554; x_wconf 88' lang='lat' dir='ltr'>neque</span> <span class='ocrx_word' id='word_1_218' title='bbox 818 1502 906 1542; x_wconf 86' lang='lat' dir='ltr'>aliasint</span> 
     </span>
     <span class='ocr_line' id='line_1_24' title="bbox 52 1558 906 1610; baseline 0 -11"><span class='ocrx_word' id='word_1_219' title='bbox 52 1558 164 1600; x_wconf 86' lang='lat' dir='ltr'>adhibenda</span> <span class='ocrx_word' id='word_1_220' title='bbox 184 1559 241 1607; x_wconf 83' lang='lat' dir='ltr'>(adeo</span> <span class='ocrx_word' id='word_1_221' title='bbox 257 1562 286 1610; x_wconf 84' lang='lat' dir='ltr'>nt)</span> <span class='ocrx_word' id='word_1_222' title='bbox 308 1559 325 1598; x_wconf 92' lang='lat' dir='ltr'>si</span> <span class='ocrx_word' id='word_1_223' title='bbox 345 1560 441 1599; x_wconf 81' lang='lat' dir='ltr'>infantem</span> <span class='ocrx_word' id='word_1_224' title='bbox 457 1558 567 1609; x_wconf 81' lang='lat' dir='ltr'>intingercs</span> <span class='ocrx_word' id='word_1_225' title='bbox 583 1571 644 1610; x_wconf 90' lang='lat' dir='ltr'>aqua,</span> <span class='ocrx_word' id='word_1_226' title='bbox 664 1571 730 1610; x_wconf 91' lang='lat' dir='ltr'>neque</span> <span class='ocrx_word' id='word_1_227' title='bbox 745 1559 830 1600; x_wconf 84' lang='lat' dir='ltr'>adderes</span> <span class='ocrx_word' id='word_1_228' title='bbox 845 1559 906 1599; x_wconf 90' lang='lat' dir='ltr'>verba</span> 
     </span>
     <span class='ocr_line' id='line_1_25' title="bbox 50 1614 906 1668; baseline 0.001 -13"><span class='ocrx_word' id='word_1_229' title='bbox 50 1615 152 1668; x_wconf 77' lang='lat' dir='ltr'>baptismi,</span> <span class='ocrx_word' id='word_1_230' title='bbox 169 1616 204 1655; x_wconf 92' lang='lat' dir='ltr'>sed</span> <span class='ocrx_word' id='word_1_231' title='bbox 219 1614 364 1667; x_wconf 88' lang='lat' dir='ltr'>pronunciares</span> <span class='ocrx_word' id='word_1_232' title='bbox 381 1615 492 1656; x_wconf 87' lang='lat' dir='ltr'>orationem</span> <span class='ocrx_word' id='word_1_233' title='bbox 505 1615 631 1668; x_wconf 87' lang='lat' dir='ltr'>dominicam,</span> <span class='ocrx_word' id='word_1_234' title='bbox 648 1624 682 1655; x_wconf 85' lang='lat' dir='ltr'>aut</span> <span class='ocrx_word' id='word_1_235' title='bbox 697 1615 734 1654; x_wconf 87' lang='lat' dir='ltr'>alia</span> <span class='ocrx_word' id='word_1_236' title='bbox 741 1616 838 1667; x_wconf 91' lang='lat' dir='ltr'>quaedam</span> <span class='ocrx_word' id='word_1_237' title='bbox 846 1616 906 1656; x_wconf 87' lang='lat' dir='ltr'>verba</span> 
     </span>
     <span class='ocr_line' id='line_1_26' title="bbox 52 1671 906 1724; baseline -0.001 -12"><span class='ocrx_word' id='word_1_238' title='bbox 52 1686 75 1713; x_wconf 79' lang='lat' dir='ltr'>cr</span> <span class='ocrx_word' id='word_1_239' title='bbox 90 1672 153 1712; x_wconf 91' lang='lat' dir='ltr'>sacris</span> <span class='ocrx_word' id='word_1_240' title='bbox 169 1672 248 1721; x_wconf 87' lang='lat' dir='ltr'>litteris,</span> <span class='ocrx_word' id='word_1_241' title='bbox 263 1685 305 1712; x_wconf 91' lang='lat' dir='ltr'>non</span> <span class='ocrx_word' id='word_1_242' title='bbox 320 1677 374 1712; x_wconf 85' lang='lat' dir='ltr'>esset</span> <span class='ocrx_word' id='word_1_243' title='bbox 388 1685 447 1712; x_wconf 90' lang='lat' dir='ltr'>verus</span> <span class='ocrx_word' id='word_1_244' title='bbox 461 1671 595 1723; x_wconf 82' lang='lat' dir='ltr'>baptismus.“</span> <span class='ocrx_word' id='word_1_245' title='bbox 624 1672 650 1710; x_wconf 81' lang='lat' dir='ltr'>Et</span> <span class='ocrx_word' id='word_1_246' title='bbox 664 1672 726 1711; x_wconf 79' lang='lat' dir='ltr'>inira:</span> <span class='ocrx_word' id='word_1_247' title='bbox 743 1672 778 1720; x_wconf 89' lang='lat' dir='ltr'>„Si</span> <span class='ocrx_word' id='word_1_248' title='bbox 794 1672 839 1724; x_wconf 91' lang='lat' dir='ltr'>quis</span> <span class='ocrx_word' id='word_1_249' title='bbox 854 1685 906 1724; x_wconf 87' lang='lat' dir='ltr'>pane</span> 
     </span>
     <span class='ocr_line' id='line_1_27' title="bbox 52 1728 906 1780; baseline 0 -12"><span class='ocrx_word' id='word_1_250' title='bbox 52 1739 72 1769; x_wconf 89' lang='lat' dir='ltr'>et</span> <span class='ocrx_word' id='word_1_251' title='bbox 86 1728 132 1768; x_wconf 89' lang='lat' dir='ltr'>vino</span> <span class='ocrx_word' id='word_1_252' title='bbox 147 1729 252 1780; x_wconf 89' lang='lat' dir='ltr'>proposito</span> <span class='ocrx_word' id='word_1_253' title='bbox 267 1729 410 1780; x_wconf 87' lang='lat' dir='ltr'>pronunciaret</span> <span class='ocrx_word' id='word_1_254' title='bbox 424 1741 464 1768; x_wconf 91' lang='lat' dir='ltr'>non</span> <span class='ocrx_word' id='word_1_255' title='bbox 480 1729 525 1780; x_wconf 83' lang='lat' dir='ltr'>ipsa</span> <span class='ocrx_word' id='word_1_256' title='bbox 539 1729 599 1768; x_wconf 91' lang='lat' dir='ltr'>verba</span> <span class='ocrx_word' id='word_1_257' title='bbox 615 1728 745 1777; x_wconf 82' lang='lat' dir='ltr'>sacramenti,</span> <span class='ocrx_word' id='word_1_258' title='bbox 768 1729 804 1768; x_wconf 89' lang='lat' dir='ltr'>sed</span> <span class='ocrx_word' id='word_1_259' title='bbox 822 1734 856 1769; x_wconf 85' lang='lat' dir='ltr'>aut</span> <span class='ocrx_word' id='word_1_260' title='bbox 871 1728 906 1769; x_wconf 89' lang='lat' dir='ltr'>de-</span> 
     </span>
     <span class='ocr_line' id='line_1_28' title="bbox 53 1785 907 1838; baseline 0 -13"><span class='ocrx_word' id='word_1_261' title='bbox 53 1785 149 1836; x_wconf 79' lang='lat' dir='ltr'>calogum,</span> <span class='ocrx_word' id='word_1_262' title='bbox 166 1790 199 1824; x_wconf 86' lang='lat' dir='ltr'>aut</span> <span class='ocrx_word' id='word_1_263' title='bbox 213 1785 324 1837; x_wconf 74' lang='lat' dir='ltr'>symbolum</span> <span class='ocrx_word' id='word_1_264' title='bbox 339 1786 482 1837; x_wconf 88' lang='lat' dir='ltr'>apostolorum,</span> <span class='ocrx_word' id='word_1_265' title='bbox 499 1790 532 1824; x_wconf 85' lang='lat' dir='ltr'>aut</span> <span class='ocrx_word' id='word_1_266' title='bbox 547 1785 667 1824; x_wconf 88' lang='lat' dir='ltr'>sententiam</span> <span class='ocrx_word' id='word_1_267' title='bbox 683 1785 860 1838; x_wconf 88' lang='lat' dir='ltr'>aliqnamsacram‚</span> <span class='ocrx_word' id='word_1_268' title='bbox 875 1785 907 1825; x_wconf 91' lang='lat' dir='ltr'>vel</span> 
     </span>
     <span class='ocr_line' id='line_1_29' title="bbox 52 1841 906 1894; baseline 0.002 -14"><span class='ocrx_word' id='word_1_269' title='bbox 52 1842 158 1894; x_wconf 90' lang='lat' dir='ltr'>psalmum,</span> <span class='ocrx_word' id='word_1_270' title='bbox 174 1854 213 1881; x_wconf 88' lang='lat' dir='ltr'>rton</span> <span class='ocrx_word' id='word_1_271' title='bbox 229 1847 283 1881; x_wconf 90' lang='lat' dir='ltr'>esset</span> <span class='ocrx_word' id='word_1_272' title='bbox 297 1854 365 1881; x_wconf 89' lang='lat' dir='ltr'>verum</span> <span class='ocrx_word' id='word_1_273' title='bbox 381 1854 453 1893; x_wconf 89' lang='lat' dir='ltr'>corpus</span> <span class='ocrx_word' id='word_1_274' title='bbox 469 1847 489 1881; x_wconf 94' lang='lat' dir='ltr'>et</span> <span class='ocrx_word' id='word_1_275' title='bbox 504 1841 585 1891; x_wconf 85' lang='lat' dir='ltr'>sanguis</span> <span class='ocrx_word' id='word_1_276' title='bbox 601 1841 696 1880; x_wconf 86' lang='lat' dir='ltr'>Christi.“</span> <span class='ocrx_word' id='word_1_277' title='bbox 725 1842 825 1882; x_wconf 87' lang='lat' dir='ltr'>Hactenus</span> <span class='ocrx_word' id='word_1_278' title='bbox 832 1842 906 1882; x_wconf 90' lang='lat' dir='ltr'>Luthe-</span> 
     </span>
     <span class='ocr_line' id='line_1_30' title="bbox 52 1897 906 1950; baseline 0.001 -12"><span class='ocrx_word' id='word_1_279' title='bbox 52 1911 113 1938; x_wconf 83' lang='lat' dir='ltr'>ranae</span> <span class='ocrx_word' id='word_1_280' title='bbox 128 1898 209 1937; x_wconf 89' lang='lat' dir='ltr'>scholae</span> <span class='ocrx_word' id='word_1_281' title='bbox 225 1902 305 1944; x_wconf 87' lang='lat' dir='ltr'>auctor,</span> <span class='ocrx_word' id='word_1_282' title='bbox 322 1898 355 1949; x_wconf 92' lang='lat' dir='ltr'>qui</span> <span class='ocrx_word' id='word_1_283' title='bbox 372 1898 420 1937; x_wconf 88' lang='lat' dir='ltr'>tanti</span> <span class='ocrx_word' id='word_1_284' title='bbox 435 1897 479 1937; x_wconf 87' lang='lat' dir='ltr'>fieri</span> <span class='ocrx_word' id='word_1_285' title='bbox 495 1909 505 1936; x_wconf 85' lang='lat' dir='ltr'>a</span> <span class='ocrx_word' id='word_1_286' title='bbox 519 1897 591 1937; x_wconf 84' lang='lat' dir='ltr'>Plallio</span> <span class='ocrx_word' id='word_1_287' title='bbox 607 1897 675 1946; x_wconf 87' lang='lat' dir='ltr'>debet,</span> <span class='ocrx_word' id='word_1_288' title='bbox 696 1910 755 1949; x_wconf 89' lang='lat' dir='ltr'>quam</span> <span class='ocrx_word' id='word_1_289' title='bbox 770 1899 803 1950; x_wconf 91' lang='lat' dir='ltr'>qui</span> <span class='ocrx_word' id='word_1_290' title='bbox 818 1898 906 1950; x_wconf 87' lang='lat' dir='ltr'>plurimi.</span> 
     </span>
     <span class='ocr_line' id='line_1_31' title="bbox 51 1951 906 2006; baseline 0 -12"><span class='ocrx_word' id='word_1_291' title='bbox 51 1954 81 1994; x_wconf 81' lang='lat' dir='ltr'>Er</span> <span class='ocrx_word' id='word_1_292' title='bbox 95 1954 127 1993; x_wconf 89' lang='lat' dir='ltr'>his</span> <span class='ocrx_word' id='word_1_293' title='bbox 143 1958 208 1993; x_wconf 81' lang='lat' dir='ltr'>atatem</span> <span class='ocrx_word' id='word_1_294' title='bbox 225 1954 271 2005; x_wconf 88' lang='lat' dir='ltr'>qnid</span> <span class='ocrx_word' id='word_1_295' title='bbox 289 1967 363 2006; x_wconf 89' lang='lat' dir='ltr'>quaeso</span> <span class='ocrx_word' id='word_1_296' title='bbox 380 1951 525 2005; x_wconf 66' lang='lat' dir='ltr'>consequitur?</span> <span class='ocrx_word' id='word_1_297' title='bbox 540 1954 580 1993; x_wconf 90' lang='lat' dir='ltr'>nisi</span> <span class='ocrx_word' id='word_1_298' title='bbox 595 1953 644 1993; x_wconf 92' lang='lat' dir='ltr'>illud</span> <span class='ocrx_word' id='word_1_299' title='bbox 651 1954 682 1993; x_wconf 93' lang='lat' dir='ltr'>vel</span> <span class='ocrx_word' id='word_1_300' title='bbox 690 1954 824 1994; x_wconf 89' lang='lat' dir='ltr'>certissimum</span> <span class='ocrx_word' id='word_1_301' title='bbox 832 1962 906 1995; x_wconf 82' lang='lat' dir='ltr'>ratum-</span> 
     </span>
     <span class='ocr_line' id='line_1_32' title="bbox 52 2011 908 2063; baseline 0.002 -13"><span class='ocrx_word' id='word_1_302' title='bbox 52 2024 90 2063; x_wconf 90' lang='lat' dir='ltr'>que</span> <span class='ocrx_word' id='word_1_303' title='bbox 107 2011 158 2062; x_wconf 88' lang='lat' dir='ltr'>apud</span> <span class='ocrx_word' id='word_1_304' title='bbox 175 2011 279 2061; x_wconf 82' lang='lat' dir='ltr'>theologos</span> <span class='ocrx_word' id='word_1_305' title='bbox 295 2023 376 2051; x_wconf 85' lang='lat' dir='ltr'>ornnes:</span> <span class='ocrx_word' id='word_1_306' title='bbox 393 2011 487 2050; x_wconf 90' lang='lat' dir='ltr'>nimirum</span> <span class='ocrx_word' id='word_1_307' title='bbox 497 2013 518 2050; x_wconf 80' lang='lat' dir='ltr'>iu</span> <span class='ocrx_word' id='word_1_308' title='bbox 526 2013 657 2050; x_wconf 71' lang='lat' dir='ltr'>succenseatis</span> <span class='ocrx_word' id='word_1_309' title='bbox 666 2013 808 2052; x_wconf 76' lang='lat' dir='ltr'>cottsecroudis</span> <span class='ocrx_word' id='word_1_310' title='bbox 817 2012 908 2063; x_wconf 76' lang='lat' dir='ltr'>requieta</span> 
     </span>
     <span class='ocr_line' id='line_1_33' title="bbox 52 2066 877 2121; baseline 0.001 -14"><span class='ocrx_word' id='word_1_311' title='bbox 52 2068 109 2108; x_wconf 72' lang='lat' dir='ltr'>illota</span> <span class='ocrx_word' id='word_1_312' title='bbox 117 2080 158 2107; x_wconf 83' lang='lat' dir='ltr'>osse</span> <span class='ocrx_word' id='word_1_313' title='bbox 171 2068 196 2107; x_wconf 91' lang='lat' dir='ltr'>od</span> <span class='ocrx_word' id='word_1_314' title='bbox 206 2070 301 2107; x_wconf 79' lang='lat' dir='ltr'>atttttsst&#39;ttt</span> <span class='ocrx_word' id='word_1_315' title='bbox 309 2068 436 2114; x_wconf 80' lang='lat' dir='ltr'>servendum,</span> <span class='ocrx_word' id='word_1_316' title='bbox 449 2079 508 2121; x_wconf 84' lang='lat' dir='ltr'>quotu</span> <span class='ocrx_word' id='word_1_317' title='bbox 516 2069 623 2107; x_wconf 81' lang='lat' dir='ltr'>iust&#39;tutor</span> <span class='ocrx_word' id='word_1_318' title='bbox 633 2066 726 2107; x_wconf 78' lang='lat' dir='ltr'>Christus</span> <span class='ocrx_word' id='word_1_319' title='bbox 736 2070 877 2120; x_wconf 62' lang='lat' dir='ltr'>praesumsit.</span> 
     </span>
     <span class='ocr_line' id='line_1_34' title="bbox 109 2121 907 2181; baseline 0.005 -19"><span class='ocrx_word' id='word_1_320' title='bbox 109 2125 173 2163; x_wconf 89' lang='lat' dir='ltr'>Porro</span> <span class='ocrx_word' id='word_1_321' title='bbox 188 2135 229 2162; x_wconf 84' lang='lat' dir='ltr'>iton</span> <span class='ocrx_word' id='word_1_322' title='bbox 245 2132 335 2175; x_wconf 85' lang='lat' dir='ltr'>apparet,</span> <span class='ocrx_word' id='word_1_323' title='bbox 357 2130 378 2163; x_wconf 92' lang='lat' dir='ltr'>ut</span> <span class='ocrx_word' id='word_1_324' title='bbox 396 2124 499 2176; x_wconf 88' lang='lat' dir='ltr'>praeclare</span> <span class='ocrx_word' id='word_1_325' title='bbox 513 2123 604 2163; x_wconf 80' lang='lat' dir='ltr'>bladeius</span> <span class='ocrx_word' id='word_1_326' title='bbox 620 2124 769 2172; x_wconf 86' lang='lat' dir='ltr'>artimadvertit,</span> <span class='ocrx_word' id='word_1_327' title='bbox 791 2121 907 2181; x_wconf 73' lang='grc' dir='ltr'><strong><em>ἐπίκλησιν</em></strong></span> 
     </span>
     <span class='ocr_line' id='line_1_35' title="bbox 52 2179 907 2232; baseline 0.002 -12"><span class='ocrx_word' id='word_1_328' title='bbox 52 2181 139 2232; x_wconf 85' lang='lat' dir='ltr'>Spiritus</span> <span class='ocrx_word' id='word_1_329' title='bbox 152 2193 168 2220; x_wconf 92' lang='lat' dir='ltr'>s.</span> <span class='ocrx_word' id='word_1_330' title='bbox 185 2179 416 2229; x_wconf 85' lang='lat' dir='ltr'>adhibuisseChristum,</span> <span class='ocrx_word' id='word_1_331' title='bbox 432 2193 492 2232; x_wconf 90' lang='lat' dir='ltr'>quum</span> <span class='ocrx_word' id='word_1_332' title='bbox 508 2179 641 2219; x_wconf 77' lang='lat' dir='ltr'>eucharistiae</span> <span class='ocrx_word' id='word_1_333' title='bbox 656 2186 802 2221; x_wconf 88' lang='lat' dir='ltr'>sacramentum</span> <span class='ocrx_word' id='word_1_334' title='bbox 818 2182 907 2222; x_wconf 83' lang='lat' dir='ltr'>celebra-</span> 
     </span>
     <span class='ocr_line' id='line_1_36' title="bbox 52 2236 907 2288; baseline 0.004 -12"><span class='ocrx_word' id='word_1_335' title='bbox 52 2238 86 2277; x_wconf 89' lang='lat' dir='ltr'>vit.</span> <span class='ocrx_word' id='word_1_336' title='bbox 118 2237 171 2285; x_wconf 82' lang='lat' dir='ltr'>Quin</span> <span class='ocrx_word' id='word_1_337' title='bbox 194 2236 254 2277; x_wconf 86' lang='lat' dir='ltr'>etiam</span> <span class='ocrx_word' id='word_1_338' title='bbox 271 2236 362 2277; x_wconf 89' lang='lat' dir='ltr'>Christus</span> <span class='ocrx_word' id='word_1_339' title='bbox 377 2236 474 2277; x_wconf 87' lang='lat' dir='ltr'>Dominus</span> <span class='ocrx_word' id='word_1_340' title='bbox 493 2237 511 2275; x_wconf 90' lang='lat' dir='ltr'>si</span> <span class='ocrx_word' id='word_1_341' title='bbox 525 2236 621 2288; x_wconf 87' lang='lat' dir='ltr'>precibus</span> <span class='ocrx_word' id='word_1_342' title='bbox 636 2245 656 2275; x_wconf 90' lang='lat' dir='ltr'>et</span> <span class='ocrx_word' id='word_1_343' title='bbox 671 2237 760 2277; x_wconf 89' lang='lat' dir='ltr'>oratione</span> <span class='ocrx_word' id='word_1_344' title='bbox 776 2237 801 2277; x_wconf 85' lang='lat' dir='ltr'>ad</span> <span class='ocrx_word' id='word_1_345' title='bbox 816 2244 907 2279; x_wconf 87' lang='lat' dir='ltr'>sanctum</span> 
     </span>
     <span class='ocr_line' id='line_1_37' title="bbox 53 2292 906 2345; baseline 0.002 -12"><span class='ocrx_word' id='word_1_346' title='bbox 53 2294 150 2345; x_wconf 89' lang='lat' dir='ltr'>Spiritum</span> <span class='ocrx_word' id='word_1_347' title='bbox 170 2293 339 2340; x_wconf 86' lang='lat' dir='ltr'>consecravisset,</span> <span class='ocrx_word' id='word_1_348' title='bbox 364 2293 442 2345; x_wconf 91' lang='lat' dir='ltr'>quando</span> <span class='ocrx_word' id='word_1_349' title='bbox 461 2304 520 2332; x_wconf 89' lang='lat' dir='ltr'>nemo</span> <span class='ocrx_word' id='word_1_350' title='bbox 535 2292 619 2332; x_wconf 85' lang='lat' dir='ltr'>tradidit</span> <span class='ocrx_word' id='word_1_351' title='bbox 633 2293 730 2332; x_wconf 90' lang='lat' dir='ltr'>orationis</span> <span class='ocrx_word' id='word_1_352' title='bbox 746 2293 800 2333; x_wconf 92' lang='lat' dir='ltr'>illius</span> <span class='ocrx_word' id='word_1_353' title='bbox 815 2296 906 2344; x_wconf 82' lang='lat' dir='ltr'>foratam,</span> 
     </span>
     <span class='ocr_line' id='line_1_38' title="bbox 52 2348 906 2402; baseline 0.005 -13"><span class='ocrx_word' id='word_1_354' title='bbox 52 2351 156 2402; x_wconf 81' lang='lat' dir='ltr'>ignoraret</span> <span class='ocrx_word' id='word_1_355' title='bbox 170 2349 215 2401; x_wconf 85' lang='lat' dir='ltr'>ipsa</span> <span class='ocrx_word' id='word_1_356' title='bbox 231 2350 305 2389; x_wconf 85' lang='lat' dir='ltr'>Christi</span> <span class='ocrx_word' id='word_1_357' title='bbox 320 2349 404 2389; x_wconf 87' lang='lat' dir='ltr'>ecclesia</span> <span class='ocrx_word' id='word_1_358' title='bbox 420 2348 552 2389; x_wconf 84' lang='lat' dir='ltr'>eucharistiae</span> <span class='ocrx_word' id='word_1_359' title='bbox 568 2349 716 2388; x_wconf 82' lang='lat' dir='ltr'>consecrandae</span> <span class='ocrx_word' id='word_1_360' title='bbox 730 2351 835 2392; x_wconf 85' lang='lat' dir='ltr'>rationem.</span> <span class='ocrx_word' id='word_1_361' title='bbox 863 2353 906 2399; x_wconf 85' lang='lat' dir='ltr'>Quo</span> 
     </span>
     <span class='ocr_line' id='line_1_39' title="bbox 53 2403 907 2459; baseline 0.004 -13"><span class='ocrx_word' id='word_1_362' title='bbox 53 2419 101 2447; x_wconf 86' lang='lat' dir='ltr'>sane</span> <span class='ocrx_word' id='word_1_363' title='bbox 117 2406 164 2458; x_wconf 90' lang='lat' dir='ltr'>quid</span> <span class='ocrx_word' id='word_1_364' title='bbox 180 2406 260 2446; x_wconf 87' lang='lat' dir='ltr'>stultius</span> <span class='ocrx_word' id='word_1_365' title='bbox 276 2405 316 2446; x_wconf 91' lang='lat' dir='ltr'>dici</span> <span class='ocrx_word' id='word_1_366' title='bbox 332 2411 404 2457; x_wconf 88' lang='lat' dir='ltr'>potest,</span> <span class='ocrx_word' id='word_1_367' title='bbox 420 2411 454 2445; x_wconf 88' lang='lat' dir='ltr'>aut</span> <span class='ocrx_word' id='word_1_368' title='bbox 468 2403 585 2445; x_wconf 72' lang='lat' dir='ltr'>aestimari?</span> <span class='ocrx_word' id='word_1_369' title='bbox 613 2405 693 2446; x_wconf 82' lang='lat' dir='ltr'>Nullum</span> <span class='ocrx_word' id='word_1_370' title='bbox 708 2407 806 2459; x_wconf 88' lang='lat' dir='ltr'>siquidem</span> <span class='ocrx_word' id='word_1_371' title='bbox 822 2409 907 2449; x_wconf 87' lang='lat' dir='ltr'>ecelesia</span> 
     </span>
     <span class='ocr_line' id='line_1_40' title="bbox 53 2461 906 2515; baseline 0.002 -11"><span class='ocrx_word' id='word_1_372' title='bbox 53 2464 85 2504; x_wconf 86' lang='lat' dir='ltr'>ius</span> <span class='ocrx_word' id='word_1_373' title='bbox 100 2463 139 2503; x_wconf 88' lang='lat' dir='ltr'>sibi</span> <span class='ocrx_word' id='word_1_374' title='bbox 154 2476 240 2514; x_wconf 92' lang='lat' dir='ltr'>unquam</span> <span class='ocrx_word' id='word_1_375' title='bbox 257 2463 361 2515; x_wconf 90' lang='lat' dir='ltr'>usurpavit</span> <span class='ocrx_word' id='word_1_376' title='bbox 375 2462 396 2502; x_wconf 93' lang='lat' dir='ltr'>in</span> <span class='ocrx_word' id='word_1_377' title='bbox 412 2475 441 2508; x_wconf 81' lang='lat' dir='ltr'>ea,</span> <span class='ocrx_word' id='word_1_378' title='bbox 458 2474 508 2513; x_wconf 90' lang='lat' dir='ltr'>quae</span> <span class='ocrx_word' id='word_1_379' title='bbox 524 2461 614 2502; x_wconf 85' lang='lat' dir='ltr'>Christus</span> <span class='ocrx_word' id='word_1_380' title='bbox 630 2462 721 2511; x_wconf 91' lang='lat' dir='ltr'>instituit,</span> <span class='ocrx_word' id='word_1_381' title='bbox 737 2464 786 2504; x_wconf 87' lang='lat' dir='ltr'>adeo</span> <span class='ocrx_word' id='word_1_382' title='bbox 802 2470 823 2505; x_wconf 90' lang='lat' dir='ltr'>ut</span> <span class='ocrx_word' id='word_1_383' title='bbox 838 2478 906 2506; x_wconf 89' lang='lat' dir='ltr'>essen-</span> 
     </span>
     <span class='ocr_line' id='line_1_41' title="bbox 53 2517 906 2574; baseline 0.004 -14"><span class='ocrx_word' id='word_1_384' title='bbox 53 2521 101 2560; x_wconf 87' lang='lat' dir='ltr'>tiam</span> <span class='ocrx_word' id='word_1_385' title='bbox 116 2520 230 2568; x_wconf 75' lang='lat' dir='ltr'>variaverit,</span> <span class='ocrx_word' id='word_1_386' title='bbox 251 2526 285 2560; x_wconf 87' lang='lat' dir='ltr'>ant</span> <span class='ocrx_word' id='word_1_387' title='bbox 302 2524 401 2559; x_wconf 86' lang='lat' dir='ltr'>naturam.</span> <span class='ocrx_word' id='word_1_388' title='bbox 431 2517 522 2565; x_wconf 80' lang='lat' dir='ltr'>Oritavit,</span> <span class='ocrx_word' id='word_1_389' title='bbox 544 2518 597 2558; x_wconf 88' lang='lat' dir='ltr'>haud</span> <span class='ocrx_word' id='word_1_390' title='bbox 612 2518 701 2569; x_wconf 82' lang='lat' dir='ltr'>inficior,</span> <span class='ocrx_word' id='word_1_391' title='bbox 717 2526 840 2562; x_wconf 84' lang='lat' dir='ltr'>sacramenta</span> <span class='ocrx_word' id='word_1_392' title='bbox 856 2523 906 2574; x_wconf 88' lang='lat' dir='ltr'>ipsa,</span> 
     </span>
     <span class='ocr_line' id='line_1_42' title="bbox 53 2575 907 2629; baseline 0.004 -13"><span class='ocrx_word' id='word_1_393' title='bbox 53 2576 221 2629; x_wconf 85' lang='lat' dir='ltr'>potissimumque</span> <span class='ocrx_word' id='word_1_394' title='bbox 245 2576 365 2616; x_wconf 85' lang='lat' dir='ltr'>sacrificium</span> <span class='ocrx_word' id='word_1_395' title='bbox 385 2575 460 2616; x_wconf 89' lang='lat' dir='ltr'>missae</span> <span class='ocrx_word' id='word_1_396' title='bbox 474 2575 568 2626; x_wconf 90' lang='lat' dir='ltr'>precibus</span> <span class='ocrx_word' id='word_1_397' title='bbox 588 2581 607 2615; x_wconf 89' lang='lat' dir='ltr'>et</span> <span class='ocrx_word' id='word_1_398' title='bbox 622 2577 741 2616; x_wconf 87' lang='lat' dir='ltr'>ceremoniis</span> <span class='ocrx_word' id='word_1_399' title='bbox 755 2577 817 2617; x_wconf 88' lang='lat' dir='ltr'>veluti</span> <span class='ocrx_word' id='word_1_400' title='bbox 832 2579 907 2620; x_wconf 81' lang='lat' dir='ltr'>exuviis</span> 
     </span>
     <span class='ocr_line' id='line_1_43' title="bbox 55 2632 907 2685; baseline 0.005 -13"><span class='ocrx_word' id='word_1_401' title='bbox 55 2633 184 2685; x_wconf 86' lang='lat' dir='ltr'>quibusdam,</span> <span class='ocrx_word' id='word_1_402' title='bbox 201 2638 222 2672; x_wconf 94' lang='lat' dir='ltr'>ut</span> <span class='ocrx_word' id='word_1_403' title='bbox 236 2633 315 2685; x_wconf 80' lang='lat' dir='ltr'>Apuleii</span> <span class='ocrx_word' id='word_1_404' title='bbox 330 2633 391 2672; x_wconf 90' lang='lat' dir='ltr'>verbo</span> <span class='ocrx_word' id='word_1_405' title='bbox 407 2637 495 2679; x_wconf 81' lang='lat' dir='ltr'>utamur3</span> <span class='ocrx_word' id='word_1_406' title='bbox 515 2632 550 2671; x_wconf 91' lang='lat' dir='ltr'>scd</span> <span class='ocrx_word' id='word_1_407' title='bbox 565 2633 810 2685; x_wconf 80' lang='lat' dir='ltr'>substantiamintegram</span> <span class='ocrx_word' id='word_1_408' title='bbox 825 2635 907 2676; x_wconf 87' lang='lat' dir='ltr'>orttnino</span> 
     </span>
     <span class='ocr_line' id='line_1_44' title="bbox 54 2688 907 2742; baseline 0.005 -14"><span class='ocrx_word' id='word_1_409' title='bbox 54 2690 208 2742; x_wconf 88' lang='lat' dir='ltr'>inviolatamque</span> <span class='ocrx_word' id='word_1_410' title='bbox 224 2691 318 2738; x_wconf 82' lang='lat' dir='ltr'>servavit,</span> <span class='ocrx_word' id='word_1_411' title='bbox 335 2701 395 2741; x_wconf 89' lang='lat' dir='ltr'>quum</span> <span class='ocrx_word' id='word_1_412' title='bbox 411 2688 461 2728; x_wconf 84' lang='lat' dir='ltr'>sciat</span> <span class='ocrx_word' id='word_1_413' title='bbox 476 2688 561 2728; x_wconf 82' lang='lat' dir='ltr'>ecclesia</span> <span class='ocrx_word' id='word_1_414' title='bbox 575 2689 640 2740; x_wconf 89' lang='lat' dir='ltr'>quoad</span> <span class='ocrx_word' id='word_1_415' title='bbox 656 2702 688 2737; x_wconf 91' lang='lat' dir='ltr'>ea,</span> <span class='ocrx_word' id='word_1_416' title='bbox 705 2702 755 2742; x_wconf 88' lang='lat' dir='ltr'>quae</span> <span class='ocrx_word' id='word_1_417' title='bbox 772 2690 861 2732; x_wconf 86' lang='lat' dir='ltr'>Christus</span> <span class='ocrx_word' id='word_1_418' title='bbox 876 2693 907 2732; x_wconf 92' lang='lat' dir='ltr'>iu-</span> 
     </span>
     <span class='ocr_line' id='line_1_45' title="bbox 55 2745 906 2797; baseline 0.002 -11"><span class='ocrx_word' id='word_1_419' title='bbox 55 2745 125 2793; x_wconf 77' lang='lat' dir='ltr'>stituit,</span> <span class='ocrx_word' id='word_1_420' title='bbox 141 2746 253 2797; x_wconf 88' lang='lat' dir='ltr'>precariam</span> <span class='ocrx_word' id='word_1_421' title='bbox 268 2747 405 2787; x_wconf 87' lang='lat' dir='ltr'>tantummodo</span> <span class='ocrx_word' id='word_1_422' title='bbox 422 2758 443 2784; x_wconf 86' lang='lat' dir='ltr'>so</span> <span class='ocrx_word' id='word_1_423' title='bbox 458 2749 577 2796; x_wconf 89' lang='lat' dir='ltr'>potestatem</span> <span class='ocrx_word' id='word_1_424' title='bbox 592 2745 673 2785; x_wconf 91' lang='lat' dir='ltr'>habere.</span> <span class='ocrx_word' id='word_1_425' title='bbox 702 2747 765 2797; x_wconf 84' lang='lat' dir='ltr'>Igitur</span> <span class='ocrx_word' id='word_1_426' title='bbox 780 2748 797 2787; x_wconf 88' lang='lat' dir='ltr'>si</span> <span class='ocrx_word' id='word_1_427' title='bbox 811 2748 906 2789; x_wconf 86' lang='lat' dir='ltr'>insacra-</span> 
     </span>
     <span class='ocr_line' id='line_1_46' title="bbox 54 2800 907 2855; baseline 0.006 -14"><span class='ocrx_word' id='word_1_428' title='bbox 54 2802 127 2842; x_wconf 86' lang='lat' dir='ltr'>mentis</span> <span class='ocrx_word' id='word_1_429' title='bbox 142 2803 266 2843; x_wconf 89' lang='lat' dir='ltr'>celebrandis</span> <span class='ocrx_word' id='word_1_430' title='bbox 281 2804 349 2854; x_wconf 80' lang='lat' dir='ltr'>regula</span> <span class='ocrx_word' id='word_1_431' title='bbox 364 2800 489 2855; x_wconf 87' lang='lat' dir='ltr'>praescripta</span> <span class='ocrx_word' id='word_1_432' title='bbox 504 2814 515 2840; x_wconf 94' lang='lat' dir='ltr'>a</span> <span class='ocrx_word' id='word_1_433' title='bbox 530 2801 608 2842; x_wconf 86' lang='lat' dir='ltr'>Christo</span> <span class='ocrx_word' id='word_1_434' title='bbox 623 2803 708 2842; x_wconf 87' lang='lat' dir='ltr'>llotnino</span> <span class='ocrx_word' id='word_1_435' title='bbox 725 2809 755 2843; x_wconf 90' lang='lat' dir='ltr'>est</span> <span class='ocrx_word' id='word_1_436' title='bbox 770 2804 794 2843; x_wconf 89' lang='lat' dir='ltr'>ad</span> <span class='ocrx_word' id='word_1_437' title='bbox 812 2806 907 2846; x_wconf 86' lang='lat' dir='ltr'>amussim</span> 
     </span>
     <span class='ocr_line' id='line_1_47' title="bbox 55 2858 907 2913; baseline 0.005 -14"><span class='ocrx_word' id='word_1_438' title='bbox 55 2858 161 2899; x_wconf 82' lang='lat' dir='ltr'>servanda:</span> <span class='ocrx_word' id='word_1_439' title='bbox 181 2871 222 2899; x_wconf 90' lang='lat' dir='ltr'>non</span> <span class='ocrx_word' id='word_1_440' title='bbox 237 2860 305 2910; x_wconf 84' lang='lat' dir='ltr'>video,</span> <span class='ocrx_word' id='word_1_441' title='bbox 321 2861 354 2913; x_wconf 90' lang='lat' dir='ltr'>qui</span> <span class='ocrx_word' id='word_1_442' title='bbox 369 2859 414 2899; x_wconf 90' lang='lat' dir='ltr'>fieri</span> <span class='ocrx_word' id='word_1_443' title='bbox 429 2863 497 2910; x_wconf 84' lang='lat' dir='ltr'>queat,</span> <span class='ocrx_word' id='word_1_444' title='bbox 512 2863 535 2897; x_wconf 92' lang='lat' dir='ltr'>ut</span> <span class='ocrx_word' id='word_1_445' title='bbox 548 2858 648 2899; x_wconf 84' lang='lat' dir='ltr'>invocatio</span> <span class='ocrx_word' id='word_1_446' title='bbox 664 2860 752 2912; x_wconf 87' lang='lat' dir='ltr'>Spiritus</span> <span class='ocrx_word' id='word_1_447' title='bbox 766 2873 782 2900; x_wconf 92' lang='lat' dir='ltr'>s.</span> <span class='ocrx_word' id='word_1_448' title='bbox 798 2862 822 2901; x_wconf 88' lang='lat' dir='ltr'>ad</span> <span class='ocrx_word' id='word_1_449' title='bbox 838 2875 907 2903; x_wconf 81' lang='lat' dir='ltr'>essen-</span> 
     </span>
    </p>
   </div>
   <div class='ocr_carea' id='block_1_3' title="bbox 55 2993 908 3083">
    <p class='ocr_par' dir='ltr' id='par_1_3' title="bbox 55 2993 908 3083">
     <span class='ocr_line' id='line_1_48' title="bbox 55 2993 908 3073; baseline 0.007 -48"><span class='ocrx_word' id='word_1_450' title='bbox 55 2994 118 3073; x_wconf 54' lang='lat' dir='ltr'>Mt)</span> <span class='ocrx_word' id='word_1_451' title='bbox 130 2994 170 3071; x_wconf 69' lang='lat' dir='ltr'>ltqtn</span> <span class='ocrx_word' id='word_1_452' title='bbox 183 3005 196 3026; x_wconf 79' lang='lat' dir='ltr'>e.</span> <span class='ocrx_word' id='word_1_453' title='bbox 209 2995 225 3027; x_wconf 86' lang='lat'>9.</span> <span class='ocrx_word' id='word_1_454' title='bbox 279 2995 296 3036; x_wconf 73' lang='grc'>2)</span> <span class='ocrx_word' id='word_1_455' title='bbox 311 2996 346 3029; x_wconf 85' lang='lat' dir='ltr'>Lib.</span> <span class='ocrx_word' id='word_1_456' title='bbox 364 2997 383 3029; x_wconf 86' lang='lat' dir='ltr'>de</span> <span class='ocrx_word' id='word_1_457' title='bbox 395 2995 470 3038; x_wconf 87' lang='lat' dir='ltr'>baptism.</span> <span class='ocrx_word' id='word_1_458' title='bbox 523 2993 735 3034; x_wconf 74' lang='lat' dir='ltr'>‘dlContullarc.lib.4.</span> <span class='ocrx_word' id='word_1_459' title='bbox 788 2997 908 3037; x_wconf 76' lang='lat' dir='ltr'>4)Homihde</span> 
     </span>
     <span class='ocr_line' id='line_1_49' title="bbox 67 3049 164 3083; baseline -0.01 -11"><span class='ocrx_word' id='word_1_460' title='bbox 67 3049 136 3083; x_wconf 80' lang='lat' dir='ltr'>epasmo</span> <span class='ocrx_word' id='word_1_461' title='bbox 161 3064 164 3071; x_wconf 88' lang='lat'><em>.</em></span> 
     </span>
    </p>
   </div>
   <div class='ocr_carea' id='block_1_4' title="bbox 0 0 977 3304">
    <p class='ocr_par' dir='ltr' id='par_1_4' title="bbox 0 0 977 3304">
     <span class='ocr_line' id='line_1_50' title="bbox 0 0 977 3304; baseline 0 0"><span class='ocrx_word' id='word_1_462' title='bbox 0 0 977 3304; x_wconf 95' lang='lat' dir='ltr'> </span> 
     </span>
    </p>
   </div>
  </div>
 </body>
</html>
