1936 3304
460 532 502 581 tlt.

313 671 384 712 utun
405 672 654 713 tttttsTRtsstuto

172 753 510 810 ANTONIO
565 751 794 810 LUOIO

366 855 474 893 briscono
488 855 607 893 toarnensi

228 931 272 979 llll,
286 931 463 979 FRANCISCUS
474 932 563 979 uttam
574 931 662 979 LEONI
671 931 700 978 bl.
713 931 737 977 C.

434 1023 449 1055 S.
474 1024 491 1055 P.
515 1024 533 1054 D.

115 1146 158 1197 Ego
174 1145 243 1197 quanti
259 1151 277 1185 te
292 1146 370 1193 saetam,
386 1158 506 1198 semperque
521 1145 609 1194 iecerint,
626 1157 669 1185 sum
685 1144 733 1185 mihi
747 1143 863 1197 ipsetesiis.
883 1143 913 1184 Ab

61 1216 84 1243 eo
100 1215 186 1255 namque
203 1208 299 1254 tempore,
315 1215 354 1255 quo
369 1203 389 1242 iu
397 1203 487 1243 Romano
503 1202 580 1242 ordinis
595 1202 659 1242 nostri
671 1201 773 1253 gpanasio
789 1200 913 1251 temagistro

61 1272 83 1299 erc
98 1265 213 1310 mystagogo
228 1271 326 1311 prospere
341 1260 480 1311 lortunateqne
496 1258 578 1310 contigit
593 1259 641 1298 rnihi
657 1258 769 1309 theologica
777 1257 798 1297 in
807 1256 915 1309 disciplina

60 1316 142 1363 versari,
159 1322 233 1354 tantum
249 1328 298 1355 sane
314 1316 376 1355 creuit
390 1316 410 1354 in
425 1328 457 1355 me
472 1315 560 1355 studium
575 1315 603 1355 tui
619 1320 679 1367 atque
695 1315 755 1355 etiam
766 1314 877 1361 admiratio,
893 1318 915 1354 ut

60 1372 110 1411 nihil
125 1371 220 1417 sanctius,
235 1371 286 1410 nihil
301 1372 403 1424 antiquius
418 1372 529 1419 habuerim,
546 1384 605 1423 quam
620 1372 765 1411 observantiam
780 1371 835 1411 inte
850 1383 915 1411 meam

60 1428 140 1480 publica
156 1427 303 1479 significatione
320 1434 410 1468 testatam
426 1429 498 1468 lacere.
529 1428 638 1475 Quaerenti
652 1440 699 1467 itero
716 1427 754 1468 iam
770 1427 804 1467 diu
818 1426 868 1466 mihi
883 1440 914 1467 ar-

61 1489 175 1536 gumentum
191 1484 273 1535 <lignum
289 1490 308 1524 et
323 1485 417 1534 gravitate
433 1490 476 1528 tua,
492 1490 512 1524 et
526 1484 638 1536 praeclara,
655 1497 693 1536 qua
708 1484 779 1536 polles,
795 1482 914 1531 eruditione,

62 1541 149 1581 occurrit
157 1541 297 1593 Christophori
304 1541 398 1582 hlatthaei
413 1541 480 1589 Plallii
495 1541 559 1592 gravis
575 1546 595 1581 et
610 1540 687 1581 erudita
702 1540 793 1581 tractatio
809 1541 832 1581 tle
846 1541 916 1592 fornic

62 1599 206 1638 eucharisticae
221 1601 384 1644 consecrationis,
401 1610 460 1650 (pram
474 1599 569 1638 adversus
584 1597 717 1637 clarisshnum
733 1603 752 1637 et
766 1596 915 1637 nobilissimum

61 1655 125 1695 uirum
135 1654 236 1694 hlalleium
252 1654 354 1694 concivem
369 1662 459 1694 nostrum
475 1654 567 1699 instituit,
584 1667 681 1706 quamque
697 1654 789 1694 refellere
805 1666 865 1705 quum
881 1666 915 1693 oo-

62 1724 122 1751 narer
135 1711 185 1750 uelis
201 1710 312 1762 remisque,
327 1717 350 1750 ut
365 1711 429 1759 aiunt,
451 1724 523 1763 operae
539 1712 625 1763 pretium
641 1724 672 1750 me
687 1711 786 1750 facturum
801 1723 846 1750 esse
861 1710 914 1758 duxi,

63 1769 81 1818 si
101 1767 304 1807 elueuluatiunculam
325 1780 399 1815 ineam,
421 1781 460 1819 qua
475 1767 541 1808 Plallii
560 1767 624 1807 iacula
643 1766 771 1820 repellebam,
792 1767 866 1807 celebri
882 1773 915 1807 tuo

63 1824 144 1864 nomine
159 1823 298 1863 inscriberem.
327 1824 375 1864 Feci
391 1832 457 1863 autern
472 1837 496 1864 eo
512 1837 560 1863 sane
575 1823 671 1871 consilio,
693 1829 715 1864 ut
730 1829 749 1863 et
764 1829 785 1863 tu
800 1823 916 1864 celebritate

63 1882 128 1920 ianme
143 1885 188 1920 tuae
203 1880 252 1919 mihi
268 1893 308 1919 non
323 1880 431 1920 metliocris
446 1880 628 1928 essesaclirrrnenti3
644 1884 663 1919 et
671 1892 708 1930 ego
717 1880 734 1919 si
742 1892 782 1920 non
789 1893 864 1932 parem,
880 1880 916 1920 ali-

64 1949 123 1988 onem
138 1937 208 1976 saltem
224 1936 266 1985 tihi,
283 1949 319 1988 pro
334 1936 446 1976 imminetis
461 1936 565 1977 beneficiis
580 1937 600 1976 in
615 1949 647 1976 me
662 1936 708 1984 iuis,
725 1936 916 1987 gratiamrelerrem.

62 1993 156 2033 Hominis
172 1993 224 2033 enim
240 1992 321 2044 ingenui
337 1998 373 2041 est,
391 1994 448 2033 lateri
462 2006 499 2045 per
515 2006 565 2045 quos
579 1993 702 2045 proieceris:
718 2005 754 2044 ego
772 2005 819 2032 vero
836 1993 853 2033 si
869 1994 917 2045 quid

63 2050 148 2102 proieci,
164 2063 201 2101 per
217 2056 235 2089 te
249 2050 362 2101 proiecisse
377 2063 418 2089 non
434 2051 498 2090 lateor
513 2050 584 2097 solum,
598 2062 666 2089 rerum
675 2049 735 2089 etiam
742 2049 845 2101 profiteor.
864 2050 917 2098 Quin

65 2106 126 2147 etiam
141 2106 158 2145 si
174 2106 222 2157 quid
237 2105 303 2146 estin
318 2107 361 2154 his,
381 2120 431 2159 quae
448 2112 517 2147 contra
531 2107 623 2146 Plailium
639 2106 722 2159 scripsi,
745 2107 799 2157 quod
813 2102 917 2147 hominum

65 2163 211 2214 approbatione
230 2162 312 2214 dignum
332 2162 368 2210 sit,
391 2163 410 2203 id
430 2163 489 2203 velim
508 2163 573 2203 seiont
591 2176 671 2212 omnes,
693 2176 725 2203 me
745 2176 756 2202 a
778 2163 869 2215 doctrina
884 2171 918 2204 tua

63 2220 125 2260 ueluti
140 2232 151 2259 a
166 2219 250 2271 perenni
265 2231 315 2258 uena
329 2219 428 2259 hausisse.
458 2220 523 2267 Ourrm
539 2220 599 2271 igitur
614 2219 725 2271 sapientiae
740 2219 917 2260 tuaerivulishor-

64 2277 118 2316 tulos
132 2289 189 2316 meos
205 2275 339 2326 irrigaverint:
356 2288 396 2315 non
412 2276 435 2316 ad
451 2276 511 2315 alium
527 2276 627 2327 appellare
642 2275 691 2315 mihi
706 2277 736 2315 fas
752 2282 803 2324 erat,
819 2290 878 2329 qcram
893 2276 918 2316 acl

65 2339 84 2373 te
100 2333 173 2385 ipsum.
205 2332 263 2379 Quod
282 2331 300 2371 si
315 2332 364 2371 haec
380 2332 524 2384 cpraliacnnque
540 2333 581 2371 siut
595 2331 632 2371 tihi
646 2332 726 2384 placere
740 2332 860 2384 intelligam,
879 2333 918 2373 iam

65 2389 139 2430 laboris
154 2388 194 2428 mci
209 2390 296 2428 fructum
311 2389 418 2428 inanimum
433 2388 512 2439 cepisse
527 2401 654 2439 cognoscam.

122 2446 231 2497 Postquam
246 2445 376 2485 doctissimus
392 2449 411 2484 et
425 2444 657 2485 nobilissimushlarchio
666 2445 834 2498 Scipiohlalleius
850 2451 918 2487 osten-

66 2503 101 2551 tlit,
117 2502 183 2542 Plallii
199 2502 223 2541 ue
239 2502 341 2542 oblatione
358 2501 489 2541 eucharistica
505 2501 640 2553 opinationem
655 2502 734 2542 infirmo
744 2503 783 2542 talo
792 2516 837 2543 esse
846 2503 918 2551 nixam,

66 2554 171 2599 'cesserunt
186 2559 209 2598 acl
226 2558 307 2598 alteram
323 2558 414 2598 eiusdem
429 2557 516 2598 auctoris
532 2559 680 2599 examinandam
693 2560 920 2612 sententiamclefornce

68 2618 225 2656 consecrationis
240 2615 392 2662 eucharisticae,
408 2626 467 2666 <piram
482 2614 576 2667 explicuit
591 2616 610 2655 in
626 2616 679 2655 notis
695 2616 719 2655 ad
732 2616 801 2656 eadem
809 2617 920 2666 fragmenta

68 2685 91 2712 eo
108 2680 161 2711 certe
175 2672 300 2724 praeiudicio
317 2685 340 2711 ae
354 2670 444 2724 prolepsi
461 2676 535 2722 captim,
552 2673 722 2724 quaLutheranae
730 2673 820 2713 haeresis
829 2674 919 2714 laborare

68 2729 134 2768 solent
149 2729 235 2778 theologi
251 2729 276 2768 ael
290 2741 352 2768 unum
368 2740 445 2768 omues.
478 2727 553 2779 Nempe
569 2729 724 2780 Christophorus
739 2730 850 2771 Matthaeus
866 2731 919 2770 Plas-

68 2782 129 2835 ttus1)
150 2786 257 2833 contendit,
274 2786 448 2825 consecrationem
464 2784 604 2834 eucharistiae,
627 2798 690 2837 penes
705 2791 773 2837 patres
788 2787 882 2839 antiquos
901 2793 921 2827 et

68 2847 156 2881 veterem
171 2842 276 2881 ecclesiam
290 2845 312 2882 iu
325 2843 428 2895 precibus,
443 2843 529 2881 cccccccccc
543 2855 591 2882 cecc
606 2846 628 2882 ia
639 2842 921 2896 iccoocata'ctccSpiritnssnn-

70 2900 97 2937 cte¹
112 2900 234 2945 constitisse,
250 2900 274 2939 ob
291 2900 373 2940 ecclesie
388 2910 437 2939 cero
453 2897 544 2939 tortione
556 2907 629 2952 postca
643 2899 707 2951 feisse
722 2906 828 2948 caetitatem,
851 2907 921 2954 utpote

117 3020 132 3062 l)
145 3021 190 3054 trah.
202 3022 218 3054 iu
230 3028 263 3056 not.
