1936 3304
318 188 343 216 on
359 188 497 218 cnosrrcouuu
511 189 579 218 uanos.
850 170 890 214 151

39 298 58 332 11
73 287 199 341 Carpocratis
215 287 285 328 deliria
301 289 390 338 luerunt,
411 303 461 342 quae
476 290 611 331 Tertullianus
619 288 645 341 ¹),
664 288 695 329 vel
714 288 765 328 alius
781 286 852 339 quivis,
871 291 891 327 et

38 346 163 399 Epiphanius
179 344 253 385 diserte
269 345 364 387 Cerintho
379 347 476 387 tribuunt.
505 348 530 387 Et
545 354 610 388 tamen
625 346 667 387 vult
681 344 807 398 Epiphanius
814 342 837 394 ²),
854 344 891 384 Ce-

39 405 127 445 rinthum
142 406 183 441 tam
197 402 282 442 incenso
297 403 370 444 veleris
385 403 435 454 legis
450 405 599 456 promovendae
614 403 681 444 studio
689 403 795 453 flagrasse,
810 406 833 440 ut
843 413 891 452 apo-

40 460 97 501 stolis
112 459 189 511 passim
204 464 224 499 et
238 459 312 512 ubique
327 460 436 508 restiterit,
454 461 617 514 insusurrataque
634 459 794 502 Christianorum
809 457 891 498 auribus

40 515 206 564 circumcisionis
222 516 312 569 adeoque
327 522 347 556 et
361 517 488 557 Iudaicorum
501 519 576 558 rituum
590 518 719 565 necessitate,
735 515 844 556 Gentilium
859 527 892 553 ec-

40 573 112 613 clesias
128 573 258 612 conturbavit.
289 574 342 613 llaec
358 578 411 614 certe
427 586 495 614 secum
510 581 579 627 aperte
593 579 693 628 puguant,
709 572 793 625 ipseque
802 570 893 622 agnoscit

39 629 171 682 Epiphanius.
201 630 267 677 Quare
283 637 303 670 et
316 630 350 669 hio
363 643 435 670 vereor
449 636 471 670 111
484 632 581 671 memoria
594 633 675 684 lapsus,
692 635 726 670 aut
739 628 892 669 inconsideran-

40 688 67 727 tia
83 685 196 733 offenderit,
212 691 232 725 ct
246 687 357 738 Augustino
372 687 412 738 ipsi
428 688 570 728 offendiculum
584 688 711 740 praebuerit,
731 699 764 726 res
773 684 892 725 dissociabi-

40 745 76 790 les,
91 742 229 783 Ebionitarum
243 743 547 785 videlicetetCerintlriauorum
560 747 656 786 haereses
671 743 782 784 miscendo.
798 743 893 782 irenaeus

42 800 147 851 sitpridem,
165 799 300 839 Tertullianus
317 804 336 840 et
348 800 494 848 Tbeodoretus,
510 801 655 842 accuratissimi
670 801 787 852 scriptores,
804 797 893 839 Corinthi

42 869 132 898 errorum
147 856 259 907 catalogum
273 861 373 905 terentes,
395 857 530 910 intempestivi
545 858 599 898 illius
614 858 634 898 in
648 864 737 899 veterem
751 856 816 907 legem
832 854 894 895 surdii

41 926 66 954 ue
81 913 142 954 verbo
158 913 238 965 quidem
253 913 374 963 meminere3
398 915 455 955 cuius
474 920 540 956 tamen
555 915 669 956 Ebiouaeos
688 927 771 967 arguere
786 925 828 952 non
843 911 893 951 omi-

42 976 118 1011 serunt.
147 970 220 1010 Fateor
235 970 341 1022 equidem,
364 971 414 1011 nihil
436 971 508 1012 mirum
524 985 568 1012 esse
584 973 601 1012 si
616 971 712 1013 haeretici
726 971 894 1023 imprmlentesa

43 1041 64 1068 se
79 1026 129 1080 ipsis
145 1026 263 1067 dissideant.
292 1027 369 1068 Veritas
386 1041 446 1080 quum
461 1042 500 1069 urta
516 1029 620 1069 1111111111
636 1030 671 1075 sit,
691 1029 733 1068 sola
749 1028 788 1068 sibi
804 1030 892 1066 constat:

43 1084 79 1126 scd
94 1085 146 1136 quod
161 1090 202 1124 taur
217 1091 286 1136 aperte
301 1097 369 1125 secum
383 1095 483 1137 pugnem,
502 1094 525 1126 ut
539 1086 627 1126 scientes
643 1091 663 1126 et
676 1085 765 1125 volentes
779 1097 818 1124 una
833 1096 894 1123 maun

43 1142 153 1194 dissipent,
177 1142 229 1193 quod
246 1142 307 1182 altera
323 1143 445 1190 struxerint,
467 1142 562 1195 illiusque
581 1143 631 1194 legis
646 1142 788 1182 necessitatem
802 1145 893 1192 urgeant,

43 1199 100 1239 cuius
115 1199 183 1249 iugum
198 1199 222 1238 ab
238 1198 313 1250 iniquis
329 1199 405 1250 angelis
421 1206 440 1239 et
458 1199 479 1239 in
493 1200 557 1240 ileum
572 1200 680 1240 rebellibus
701 1205 770 1238 contra
785 1198 815 1237 las
830 1197 895 1249 impo-

44 1256 110 1303 sittun,
126 1255 265 1296 excutiendum
281 1268 326 1296 esse
340 1256 406 1308 palam
423 1262 442 1296 et
456 1256 531 1308 ubique
547 1256 630 1304 docent,
646 1258 678 1296 vix
685 1256 745 1296 fidem
754 1255 807 1307 apud
815 1254 895 1294 sobrios

44 1313 127 1353 obtinet.
156 1312 205 1352 Eam
227 1318 293 1352 atrtem
312 1326 357 1353 esse
377 1313 471 1354 debuisse
490 1320 546 1365 patet
564 1313 654 1354 Corinthi
673 1312 806 1366 lqpothesin,
829 1316 850 1351 ut
872 1324 896 1351 er

44 1369 176 1422 consequenti
190 1377 278 1410 veterem
291 1370 357 1421 legem
372 1372 475 1422 spreverit,
489 1371 584 1423 illiusque
599 1370 746 1411 observantiam
762 1381 895 1421 omnempro-

45 1427 76 1467 cul
92 1439 103 1466 a
117 1426 170 1467 veris
186 1426 287 1467 Guosticis
303 1428 446 1468 arnandaudam
466 1441 511 1468 esse
531 1427 642 1476 censuerit,
667 1440 689 1467 en
709 1439 747 1479 quo
768 1426 856 1466 Simonis
876 1430 896 1465 et

45 1483 171 1536 Carpocratis
186 1483 270 1535 vestigia
284 1484 375 1536 relegens
391 1497 436 1525 cum
450 1485 501 1536 ipsis
516 1485 595 1532 asserit,
610 1486 662 1524 banc
678 1485 701 1524 ab
717 1483 848 1524 inferioribus
860 1495 895 1522 an·

45 1541 94 1593 galis
110 1540 198 1592 supremi
213 1541 275 1592 patris
290 1541 366 1592 ignaris
380 1541 468 1593 positam
483 1554 528 1582 esse
547 1547 567 1581 et
582 1543 606 1581 ad
621 1554 681 1581 uuam
697 1540 760 1591 ignoti
775 1540 811 1579 Dei
828 1539 896 1590 cogni-

45 1598 121 1637 tionem
135 1598 219 1637 salutem
234 1598 309 1637 retulit.
337 1598 380 1638 Neo
395 1597 532 1647 omittendum,
549 1599 601 1650 apud
617 1598 762 1638 Tertullianum
776 1597 816 1636 hoc
830 1596 897 1649 ipsum

45 1654 153 1695 Ebionaeis
168 1654 265 1703 adscribi,
289 1655 342 1706 quod
356 1654 481 1707 Epiphanius
498 1655 631 1695 Corinthianis
647 1654 727 1702 tribuit,
747 1653 825 1693 scilicet
843 1653 897 1705 quod

45 1712 77 1750 bis
93 1711 167 1751 Christi
181 1710 247 1751 verbis
263 1710 315 1763 apud
329 1712 462 1752 blattbaeum:
486 1711 547 1752 Neruo
571 1712 680 1764 discipulus
696 1723 757 1764 super
771 1713 896 1762 ttthtstrum,

45 1781 82 1808 uec
97 1780 168 1807 sorores
184 1780 245 1820 super
259 1768 380 1809 Deponunt:
396 1769 474 1821 sufficit
488 1763 896 1821 111111111ιῖ1,1111111111111111911111111113);

46 1824 75 1864 illi
91 1824 229 1872 abuterentur,
248 1829 271 1864 ut
291 1824 451 1865 circumcisionis
467 1837 490 1865 ac
503 1826 577 1865 veteris
592 1825 642 1877 legis
657 1824 799 1865 necessitatem
814 1837 837 1863 ex
851 1824 898 1863 lesu

62 1881 121 1920 bristi
137 1882 227 1933 exemplo
243 1882 417 1931 commendarent,
434 1882 508 1934 quippe
524 1882 558 1934 qui
572 1883 652 1934 utrique
668 1894 690 1922 se
705 1881 772 1934 ipsum
779 1880 897 1920 subdiderit.

46 1938 100 1977 Adeo
116 1945 137 1978 ut
151 1938 199 1977 irino
214 1938 303 1990 suspicio
318 1939 413 1986 firmetur,
428 1938 564 1991 Epiphanium
578 1939 632 1979 inter
647 1938 787 1979 Corinthiarius
803 1942 823 1976 ct
836 1936 898 1976 Ebio-

47 2006 109 2034 naeos
124 2007 165 2034 non
180 1995 229 2033 satis
244 2000 337 2034 accurate
352 1994 475 2035 distinxisse.

105 2050 152 2091 128.
182 2051 245 2090 Situm
259 2051 323 2103 l'uisse
338 2051 444 2100 Cerintho,
464 2052 517 2091 sicut
531 2056 551 2090 et
566 2051 680 2100 Nicolaitis,
696 2049 782 2103 aliisque
798 2049 899 2090 Gnosticis

47 2106 147 2159 pleroma,
163 2108 252 2159 supremi
266 2108 331 2147 Patris
347 2120 370 2148 ac
385 2108 453 2159 siges,
476 2108 599 2160 aliarumque
614 2107 712 2148 Virtutum
731 2107 863 2148 invisibilium
881 2114 900 2146 et

47 2164 220 2205 irtnonu'nobt'lr'um
234 2164 313 2212 sedem,
333 2170 448 2205 asseverant
461 2165 557 2205 lrenaeus
577 2169 597 2205 et
612 2164 719 2216 Gregorius
733 2161 899 2214 Nazianzenus4).

48 2221 77 2261 Ab
93 2221 127 2262 illo
141 2222 201 2261 Patre
215 2221 360 2273 blonogenem,
383 2221 406 2262 ab
428 2222 468 2262 hoo
482 2223 551 2275 Logon
571 2222 682 2262 derivabat:
703 2222 752 2261 adeo
772 2225 794 2260 ut
809 2220 899 2260 dubitare

49 2279 79 2317 las
94 2291 135 2318 non
150 2279 182 2327 sit,
199 2278 246 2331 quin
260 2279 346 2331 primam
361 2279 451 2330 ogdoada
467 2291 511 2319 cum
527 2279 599 2319 ceteris
616 2278 716 2319 Gnosticis
732 2277 842 2318 admiserit.
868 2278 898 2317 le-

49 2348 93 2375 sum
107 2348 154 2375 vero
170 2335 239 2376 mundi
254 2335 364 2376 conditoris
379 2336 458 2384 Filium,
474 2349 559 2391 eumque
574 2335 768 2388 1111111111111111111111111
784 2348 807 2375 11
817 2333 898 2385 losephi

50 2397 69 2431 et
77 2392 151 2432 llariae
166 2399 209 2432 satu
225 2397 300 2440 natum,
315 2406 371 2433 moro
387 2400 498 2434 ceterorum
513 2393 623 2441 hominum,
639 2393 728 2441 dicebat,
744 2403 788 2431 cum
802 2392 841 2430 hoo
855 2395 899 2430 tan-

49 2453 91 2488 tum
107 2448 236 2496 discrimine,
259 2449 313 2500 quod
327 2449 416 2498 iustitia,
439 2451 539 2501 sapientia
557 2456 577 2489 et
598 2449 704 2502 prudentia
724 2448 769 2488 aliis
783 2447 900 2487 homiuibus

49 2505 195 2558 praecelluerit.
232 2505 255 2545 ln
273 2506 327 2545 huno
344 2519 404 2554 vero,
428 2519 487 2558 (quum
510 2505 632 2557 baptismum
646 2505 748 2557 suscepit,
769 2504 899 2556 delapsuma

51 2575 128 2603 summo
143 2563 184 2603 Deo
205 2575 250 2603 esse
266 2562 379 2612 Christum,
401 2563 438 2603 snb
458 2563 561 2603 columbae
581 2561 659 2615 specie3
685 2562 719 2614 qui
738 2561 756 2601 ei
775 2561 900 2612 incognitum

51 2629 128 2671 patrem
144 2625 163 2659 et
177 2632 214 2671 per
229 2632 274 2660 eum
288 2620 372 2672 reliquis
386 2620 502 2660 bominibus
511 2619 635 2672 patefecerit,
652 2632 675 2659 ao
684 2618 834 2666 miraculorum,
850 2632 901 2671 quae

51 2677 142 2728 patravit,
158 2682 227 2717 auctor
241 2677 307 2725 fuerit,
337 2677 436 2729 'lenqiore
451 2683 517 2717 autem
531 2676 632 2729 passionis
647 2675 758 2716 recessisse
765 2676 868 2717 Christum
882 2682 902 2716 et

52 2746 75 2772 eo
91 2734 192 2786 revolasse
206 2734 259 2773 unde
273 2739 364 2774 venerat:
388 2735 455 2774 lesum
473 2747 520 2774 vero
543 2734 607 2774 solum
627 2741 647 2772 et
661 2732 737 2772 obiisse
755 2738 842 2773 mortem
856 2737 901 2773 eta

52 2792 136 2831 mortuis
152 2790 258 2831 excitatum
273 2790 346 2843 fuisse3
362 2792 448 2841 Christo,
463 2796 533 2845 utpote
547 2789 638 2845 spiritali,
653 2802 731 2842 poenae
740 2791 806 2831 omnis
814 2795 902 2843 experte.

52 2886 253 2893 m

99 2936 192 2977 ll'lcrtull.
206 2937 375 2971 [terraemetus.
399 2935 513 2980 ZlEpiph.§.
527 2938 542 2970 l.
571 2935 587 2977 3)
599 2937 653 2970 llattlv.
665 2937 684 2970 ll.
696 2936 724 2977 24,
750 2936 768 2977 4)
779 2936 822 2968 Iren.
835 2936 863 2968 lib.
875 2936 903 2968 lll.

54 2992 67 3013 c.
80 2983 107 3060 ql.
119 2994 134 3015 n.
148 2983 162 3016 i.
176 2984 223 3025 Greg.
235 2984 272 3017 Naz.
286 2983 328 3016 Orat.
342 2982 368 3017 23.
388 2984 429 3017 lren.
442 2985 469 3017 lib.
482 2984 494 3018 1.
508 2994 521 3017 c.
534 2982 561 3017 26.
574 2993 589 3015 n.
604 2983 618 3016 1.
640 2983 698 3026 Epipb.
711 2981 728 3025 ξ.
742 2982 756 3016 1,
769 2982 829 3015 Theod.
842 2982 870 3014 lib.
883 2982 903 3013 ll.

54 3037 67 3058 c.
85 3048 97 3061 .‚
110 3035 140 3062 otc.
