1936 3304
238 187 249 213 a
265 186 341 216 nuoous
356 187 465 215 nisennms
481 186 560 214 rrarrn
576 185 663 214 statera.
839 175 880 216 429

28 294 121 334 irenaeus
142 286 221 342 γνῶσιν
240 286 259 327 in
278 288 335 328 libris
351 295 419 329 corttra
433 288 529 329 haereses
544 287 602 328 aliter
617 286 754 337 descripserit.
785 287 823 327 Sed
840 300 881 327 iren

29 346 140 389 observavit
154 344 184 384 vir
199 344 277 394 doctus,
291 358 329 385 nos
344 346 365 386 id
380 347 400 385 in
417 346 505 386 editione
517 343 614 395 Hagiensi
621 344 636 394 ¹)
652 343 738 383 sollicite
754 343 879 385 observasse.

85 516 140 563 Quae
160 519 228 554 contra
247 515 380 566 fragmentum
398 514 508 554 seeundum
527 522 597 554 nionet
614 513 645 553 vir
669 512 804 560 clarissimus,
828 514 881 554 sacili

28 574 97 615 itidem
112 571 193 621 negotio
210 571 320 611 convellere
336 571 394 611 nobis
410 571 495 612 dabitur.
524 571 611 618 Etenim,
628 583 688 623 qutun
705 583 749 610 earn
764 569 824 609 nobis
835 583 881 610 seu-

29 629 110 671 tentiam
126 627 229 675 attribuat,
245 627 299 679 quod
314 632 434 673 statuamus,
452 629 555 668 irenaeum
570 627 617 667 heic
632 640 680 668 voce
696 622 819 677 διατάξεων
834 627 881 667 alle-

29 699 74 739 gare
94 684 233 724 collectionem
255 684 353 736 quandam
375 685 539 725 constitutionum
562 684 718 736 apostolicarum
738 697 774 724 suo
791 689 881 736 tempore

30 745 106 788 iactam,
122 741 183 793 idque
198 753 221 780 ex
236 753 260 780 eo
275 745 351 793 patere,
369 742 421 793 quod
437 741 484 781 alibi
500 746 595 793 provocet
610 741 634 780 ad
651 741 768 780 traditiones
778 740 882 780 seniorum

30 800 53 841 ab
68 797 165 850 apostolis
180 798 273 840 haustas,
288 803 368 849 praeter
382 811 424 838 rem
440 798 499 837 nobis
515 798 602 848 altingit,
619 798 671 848 quod
687 798 786 837 affirmare
802 798 822 837 in
839 797 882 837 ani-

29 868 82 897 mum
96 859 187 895 nestrum
202 866 304 907 nunquam
319 854 440 902 induximus
457 855 497 907 qui,
514 854 561 906 quid
575 867 612 906 per
627 849 882 905 deeredffergillasaposto-

29 914 77 952 licas
93 912 113 951 in
128 912 239 962 fragmento
255 915 325 951 nostro
341 911 463 963 designetur,
478 923 527 950 num
541 910 661 950 traditiones
674 911 799 962 scriptaevel
809 910 881 958 orales,

29 968 99 1010 nullibi
115 967 297 1015 determinavimus,
313 968 347 1007 sed
363 967 384 1007 in
399 981 421 1007 re
436 968 537 1018 incognita
553 972 612 1019 atque
627 968 713 1007 obscura
728 967 882 1008 iudiciumhac-

30 1032 86 1066 tenus
102 1024 251 1075 suspendimus.
277 1024 326 1063 Eam
338 1037 385 1063 vero
401 1024 565 1064 constitutionum
573 1024 728 1075 apostolicarum
735 1023 881 1072 collectionem,

31 1095 80 1134 quae
95 1080 207 1121 adhucdum
223 1086 291 1129 exstat,
307 1093 331 1120 ex
346 1076 501 1128 διδασκαλίαις
516 1080 603 1119 virorum
619 1081 775 1131 apostolicorum
790 1081 883 1121 haustam

29 1139 122 1189 varieque
137 1137 222 1177 subinde
238 1137 376 1189 interpolatam
393 1143 413 1177 et
428 1141 540 1189 corruptam
556 1149 608 1182 esse,
624 1149 661 1176 nce
676 1137 720 1188 ipse
735 1137 883 1189 penitusnegat

31 1194 157 1235 doctissimus
171 1194 281 1241 literatus,
298 1193 335 1233 etsi
351 1193 488 1246 quaestionem
504 1193 562 1241 lianc,
577 1198 645 1244 utpote
662 1206 712 1245 quae
726 1194 883 1245 prolixissimam

30 1251 119 1291 videatur
140 1263 221 1303 operam
240 1250 354 1302 requirere,
373 1251 471 1289 littetenus
487 1249 650 1289 excuterenotit
680 1250 794 1290 Arbitratur
808 1255 882 1298 tamen,

31 1309 51 1347 iu
71 1308 183 1357 fragmento
204 1312 273 1346 nostro
293 1319 330 1359 per
349 1302 461 1356 διατάξεις
481 1306 635 1346 constitutiones
655 1306 741 1358 scriptas
761 1319 801 1346 non
818 1307 883 1347 orales

31 1363 120 1415 intelligi,
136 1377 198 1416 quum
212 1364 233 1404 in
247 1363 389 1404 traditionibus
405 1363 492 1403 cratibus
507 1363 573 1402 nullae
589 1363 661 1402 dentur
672 1367 756 1416 priores
771 1364 802 1404 vei
814 1372 883 1416 postc-

32 1423 106 1461 rtores.
137 1421 194 1468 Quod
214 1421 248 1472 qui
267 1420 307 1460 dici
322 1420 398 1472 possit,
417 1432 455 1459 nos
471 1432 518 1460 sane
533 1419 586 1459 haud
602 1420 801 1472 comprehendimus,
822 1433 884 1472 quum

30 1477 99 1529 utique
117 1489 156 1517 una
175 1477 254 1517 traditio
274 1477 335 1516 altera
350 1476 416 1529 possit
431 1488 475 1516 esse
491 1476 591 1528 antiquior
604 1476 636 1515 vei
650 1476 761 1524 recentior,
781 1477 838 1528 prior
852 1477 884 1517 vel

30 1533 136 1586 posterior,
151 1534 235 1586 ipseque
250 1533 350 1574 Eusebius
367 1532 492 1573 traditionem
509 1532 640 1584 alvestolieam
655 1533 679 1572 de
695 1533 790 1584 paschate
806 1534 883 1586 al'olp-

31 1596 83 1629 crate
103 1596 123 1629 et
141 1590 243 1642 episcopis
261 1590 355 1630 Asiaticis
375 1589 480 1641 allegatam
498 1593 556 1628 vocet
576 1582 721 1643 ἀρχαιοτέραν
737 1595 757 1630 et
771 1586 796 1631 τὸ
811 1585 885 1631 παλαι

31 1641 139 1701 πρότερον
159 1641 235 1696 αὐτοῖς
252 1643 416 1703 παραδαδέτῗ).
446 1647 550 1686 Irenaeum
566 1657 626 1697 porro
643 1646 667 1686 ad
683 1646 800 1686 traditiones
816 1647 884 1687 senio-

30 1715 74 1742 rum
90 1704 154 1743 orales
170 1716 290 1755 provocare,
310 1716 350 1742 non
370 1715 413 1743 eain
429 1702 449 1741 in
465 1715 508 1742 rem
524 1702 681 1751 observavimus,
703 1710 725 1743 ut
739 1703 786 1743 inde
803 1704 884 1743 conclu-
900 1732 902 1736 ι

31 1758 129 1808 daremus,
144 1760 166 1799 in
180 1761 292 1811 fragmento
307 1764 378 1799 nestro
394 1758 511 1799 traditiones
527 1759 612 1810 scriptas
628 1759 719 1810 allegari,
743 1761 817 1812 quippe
834 1773 884 1812 eptae

31 1821 99 1856 nostra
113 1817 211 1856 sententia
227 1816 281 1857 haud
296 1814 355 1867 est3),
369 1816 401 1856 vei
417 1815 571 1856 constitutiones
587 1815 708 1867 apostolicas
724 1829 777 1856 nivrie
789 1815 885 1858 exdcdee-

31 1867 132 1921 αιαλίαις
146 1873 235 1913 virorum
250 1873 407 1926 apostolicorum
421 1872 496 1924 petitas
515 1884 570 1919 esse,
591 1871 612 1910 id
628 1873 681 1923 qnod
697 1885 720 1912 ex
735 1872 778 1913 aliis
794 1874 884 1913 fontibus

32 1929 172 1968 arcessendum
188 1930 236 1976 erit,
253 1930 288 1970 sed
303 1935 325 1969 ut
339 1930 359 1969 id
375 1929 446 1969 saltem
461 1928 622 1974 ostenderemus,
639 1928 779 1978 allegationem
793 1930 884 1970 traditio-

31 1995 78 2023 num
93 1985 249 2037 apostoiicarum
264 1986 347 2025 Irenaeo
363 1985 480 2025 familiarem
496 1996 548 2031 esse,
565 1984 607 2024 sive
622 1984 709 2035 scriptae
725 1997 760 2025 eae
776 1985 827 2034 sint,
844 1987 885 2026 sive

31 2040 103 2090 minus,
120 2054 180 2093 quum
196 2042 221 2081 de
235 2042 274 2081 hoc
290 2041 370 2093 quidem
385 2041 456 2080 nullibi
471 2040 558 2080 instituti
573 2041 638 2080 nostri
653 2041 828 2083 sueritdisserere.
847 2043 886 2083 Ubi

31 2109 77 2136 vero
93 2097 147 2137 addit
161 2097 191 2138 vir
206 2097 299 2145 illustris,
315 2097 380 2137 nullas
395 2097 454 2148 plane
471 2091 583 2146 διατάξεις
598 2098 718 2148 apostolicas
734 2100 820 2151 scriptas
835 2106 886 2139 tem-

31 2164 80 2204 pore
94 2152 172 2193 Irenaei
188 2154 299 2203 exstitisse,
315 2166 385 2193 secure
400 2153 460 2193 nimis
475 2153 495 2193 id
511 2152 641 2201 determinat,
663 2154 717 2205 qnod
730 2156 815 2206 probata
832 2161 886 2195 eertc

31 2209 90 2260 longe
105 2215 136 2249 est
150 2210 296 2251 diiiicillimum.
325 2210 404 2250 Etenim
420 2210 454 2261 qui
467 2209 520 2249 banc
535 2210 644 2250 deiendere
659 2212 778 2250 sententiam
792 2211 885 2261 voluerit,

32 2271 77 2305 ante
92 2266 160 2306 emnia
175 2267 282 2307 ostendere
297 2267 362 2316 debet,
376 2271 455 2307 veteres
470 2265 521 2306 nihii
537 2279 612 2315 eorum,
629 2279 679 2319 quae
687 2267 711 2307 ab
720 2268 818 2320 apostolis
826 2268 885 2308 viris-

34 2332 71 2372 que
86 2323 204 2375 apostolicis
219 2324 338 2371 hauserant,
358 2323 434 2375 scripto
451 2323 592 2374 consignasse,
612 2323 699 2376 fictaque
719 2337 765 2364 esse
780 2330 813 2365 aut
828 2326 885 2364 iirmo

33 2377 102 2418 saltem
116 2379 156 2420 talo
171 2380 223 2420 haud
239 2381 282 2429 niti,
303 2393 353 2432 quae
367 2381 405 2420 viri
421 2379 534 2419 doctissimi
549 2379 574 2419 de
590 2376 745 2429 διδασκαλίαις
754 2387 774 2420 et
785 2379 887 2433 διδαχαῖς

32 2440 120 2475 veterum
135 2448 207 2487 magna
223 2449 284 2488 opera
298 2437 394 2477 hactenus
409 2436 536 2488 protulerint.
565 2436 607 2475 Nec
622 2436 697 2476 suffieit
710 2437 744 2476 hic
755 2437 828 2485 dicere,
843 2438 885 2478 ire-

33 2501 114 2539 naeum,
137 2492 155 2532 si
177 2490 290 2543 διατάξεις
310 2492 433 2546 apostolicae
448 2493 535 2543 scriptae
551 2505 587 2532 suo
604 2492 726 2532 exstitissent
740 2498 839 2545 tempore,
861 2495 887 2534 ad

34 2556 67 2585 eas
88 2548 156 2599 potius
179 2562 238 2602 quam
258 2550 283 2590 ad
303 2549 369 2590 orales
388 2548 506 2589 traditiones
525 2549 589 2589 inisse
603 2554 764 2600 provocaturum.
793 2550 887 2591 Praeter-

35 2613 92 2652 quam
107 2604 167 2654 euim‚
184 2607 238 2658 quod
253 2619 290 2659 pro
305 2606 392 2646 instituti
407 2606 485 2645 ratione
500 2605 539 2645 iam
554 2606 578 2645 ad
593 2605 709 2644 traditiones
725 2606 791 2647 orales
806 2607 846 2647 iam
862 2609 887 2648 ad

35 2658 119 2710 scriptas
135 2662 179 2712 quis
193 2663 339 2715 provocaverit,
356 2662 411 2703 etin
427 2662 514 2701 cuiusvis
529 2662 616 2713 positum
628 2660 763 2710 estlibertate‚
780 2676 887 2715 quamnam

33 2712 67 2752 hic
80 2716 132 2756 viam
147 2717 226 2768 ingredi
239 2719 293 2768 velit,
308 2719 367 2759 facile
381 2723 437 2771 patet
450 2718 507 2766 ratio,
524 2730 559 2757 cur
573 2718 667 2757 irenaeus
682 2718 801 2760 traditiones
809 2721 887 2773 pracci-

34 2780 73 2820 pue
88 2773 153 2813 orales
169 2775 207 2815 sibi
223 2776 336 2827 allegandas
350 2775 456 2829 putaverit,
472 2787 533 2826 quum
547 2786 583 2813 eae
598 2773 679 2825 quidem
695 2776 762 2816 aviris
773 2777 812 2819 tide
821 2778 887 2829 dignis

80 2916 155 2957 1ll³.5⁴
202 2921 219 2962 2)
231 2922 272 2955 illst.
284 2924 327 2956 Ecci.
340 2924 357 2955 L.
370 2922 386 2955 5.
399 2922 415 2954 C.
428 2921 455 2954 23.
468 2920 495 2953 24.
543 2919 559 2959 3)
573 2920 647 2958 Quinimo
665 2922 680 2955 in
698 2933 732 2956 cam
745 2925 799 2966 potius
811 2924 887 2966 hiepro-

34 2961 124 3040 poetildfitpcqls
138 2968 295 3053 {enpenpimpggqua
310 2969 404 3002 traditiones
417 2967 470 3000 orales
482 2966 508 2998 hic
521 2966 587 3006 intelligi
600 2968 680 3002 statuitur.
705 2969 743 3001 l'ide
756 2970 794 3004 diss,
807 2971 827 3003 de
839 2970 890 3032 obtat
