1936 3304
495 524 528 572 ll.

319 660 614 704 Pulusrlurlssmlo
634 658 705 700 lituo

146 741 584 799 FRANOISOO
632 738 878 796 Romule

252 846 361 883 rrouacno
378 846 396 882 s.
412 845 503 882 cuoucn
518 843 608 881 onorius
623 843 641 879 s
656 840 775 878 euurmcrr

189 922 237 969 Fu.
261 920 483 969 FRANGISCUS
505 918 614 967 llnnln
635 917 743 965 LEONI
765 916 794 964 ll.
813 916 837 964 G.

461 1011 478 1044 s.
506 1011 523 1042 e.
546 1010 565 1043 n.

146 1135 205 1183 Quod
223 1135 325 1175 veteribus
339 1134 435 1175 Romanis
454 1133 476 1172 in
495 1146 550 1173 more
565 1131 654 1184 positum
669 1131 715 1180 luit,
736 1137 758 1171 ut
773 1131 791 1171 si
806 1131 875 1170 hostes
891 1142 939 1170 suos

89 1191 225 1242 intelligerent
238 1204 292 1231 arma
307 1192 328 1230 in
343 1190 487 1243 rempublicam
502 1190 567 1229 iacere
582 1188 638 1237 velle,
655 1201 690 1228 eos
702 1188 769 1228 statim
777 1187 938 1239 aggrederentur,

89 1262 115 1289 ne
131 1261 231 1288 armorum
246 1248 361 1296 insolentia,
376 1260 426 1287 neve
442 1247 501 1299 copia
515 1245 650 1297 omniquaque
665 1245 749 1285 collecta
764 1243 881 1285 audaciores
892 1242 940 1283 lacti

90 1311 110 1345 et
124 1305 200 1344 maiora
215 1310 329 1356 pertentare
343 1309 433 1356 possent,
450 1309 470 1343 et
485 1303 557 1342 iisdem
571 1302 669 1354 repellere
685 1302 803 1357 conantibus
818 1300 896 1341 facilius
908 1312 940 1339 re-

90 1362 173 1409 sistere,
193 1360 259 1400 simile
278 1361 298 1400 in
318 1360 437 1411 theologicis
453 1359 572 1411 quibusdam
588 1357 740 1410 quaestionibus
757 1370 851 1410 cuperem
865 1357 941 1408 vigeret

90 1418 155 1458 adbuc
170 1417 328 1457 commendabile
343 1417 463 1464 institutum,
479 1421 501 1455 ut
515 1414 612 1455 maiorum
624 1421 740 1454 nostrorum
748 1413 866 1455 clarissimis
875 1426 940 1453 exem-

89 1474 129 1527 plis
144 1473 230 1525 permoti
245 1479 314 1513 contra
321 1475 431 1513 Romanam
445 1471 564 1523 religionem
578 1470 671 1510 nonnihil
685 1470 751 1511 moliri
766 1471 790 1511 ab
797 1470 942 1510 infensissimis

91 1530 211 1570 aduersariis
233 1529 277 1570 eius
300 1530 452 1582 cognoscimus,
475 1528 543 1568 statim
563 1528 644 1579 inquam
659 1527 751 1568 refellere
766 1527 833 1568 nervis
849 1527 943 1566 omnibus

91 1599 216 1627 conaremur.
250 1587 294 1626 Hoc
312 1599 399 1637 namque
417 1585 536 1637 praestitum
555 1584 573 1623 si
591 1584 673 1632 luisset,
692 1584 775 1624 minime
793 1584 892 1624 baberent
905 1583 941 1631 illi,

90 1644 144 1683 unde
159 1643 198 1682 sibi
213 1643 300 1682 blandiri
315 1648 404 1695 possent,
421 1647 479 1693 alque
494 1646 585 1681 auctores
600 1653 648 1680 suos
662 1645 771 1692 propterea
785 1641 810 1681 ad
826 1640 892 1680 caelos
908 1653 941 1680 eu·-

90 1699 162 1740 tollere
181 1711 249 1751 „quos
269 1712 293 1739 ex
307 1699 467 1739 Romanensibus
487 1698 574 1737 refutare
592 1697 690 1737 hactenus
709 1709 778 1746 nemo,
798 1701 867 1749 utpote
883 1696 904 1736 in
919 1708 941 1737 re

91 1760 133 1795 tam
147 1756 200 1795 clara
219 1760 278 1806 atque
293 1755 384 1795 evidente
400 1755 463 1794 aleam
479 1753 593 1793 certaminis
608 1765 649 1792 non
668 1753 748 1793 dubiam
771 1754 852 1805 saltem,
871 1753 943 1792 sedet

91 1812 151 1861 longe
162 1810 357 1863 periculosissimam
372 1811 473 1850 subiturus
489 1809 584 1850 sustinuit
591 1807 628 1860 ¹).“
658 1810 722 1849 Cursu
736 1808 941 1862 siquidemtemporis

92 1868 166 1907 factum
182 1872 219 1914 est,
234 1872 256 1906 ut
271 1880 340 1907 eorum
355 1867 431 1918 scripta
445 1878 537 1917 magnam
553 1865 651 1905 creverint
665 1865 686 1905 iu
700 1865 780 1915 molem,
796 1866 846 1906 adeo
860 1874 942 1905 utnunc

92 1936 162 1964 eorum
178 1923 280 1962 confutare
295 1923 356 1962 falsas
377 1923 518 1974 captiosasque
537 1921 701 1961 ratiocinationes
721 1934 771 1973 opus
787 1922 880 1962 immensi
894 1934 942 1974 pro-

91 1980 199 2032 pemodum
217 1979 293 2019 laboris
313 1979 410 2019 uideatur.
439 1978 481 2030 lpsi
501 1990 558 2025 vero,
578 1977 745 2029 quemadmodum
761 1990 804 2018 mos
820 1983 851 2018 est
866 1990 941 2026 eornm,

93 2036 127 2088 qui
145 2036 236 2087 iniquam
254 2048 345 2076 caussam
365 2040 454 2083 tuentur,
473 2047 497 2074 eu
511 2039 580 2074 nostro
596 2033 676 2074 silentio
691 2046 733 2074 non
746 2035 790 2075 leve
805 2039 943 2085 argumentum

93 2093 169 2132 ducunt
184 2092 208 2131 ad
224 2104 302 2132 errores
318 2092 405 2132 suos-iis
420 2091 491 2131 saltem
498 2090 614 2131 horninibus
621 2091 779 2143 persuadendos,
795 2092 943 2145 quibuslucum

92 2150 159 2190 lacere
174 2148 291 2188 facillimum
307 2154 347 2197 est,
364 2149 458 2200 quoniam
473 2148 516 2188 sola
531 2147 599 2201 specie
614 2148 664 2188 recti
679 2148 790 2200 capiuntur.
821 2149 879 2197 Quod
894 2161 943 2189 sano

93 2219 154 2259 quum
170 2218 230 2258 saepe
245 2218 323 2246 mecum
338 2206 382 2257 ipse
397 2210 518 2257 reputarem,
533 2205 624 2256 profecto
632 2204 703 2244 adhoc
711 2206 772 2245 studii
781 2218 842 2257 genus
850 2205 942 2258 perutile,

92 2276 170 2315 perque
184 2262 293 2302 iucundum
309 2262 379 2302 crebro
394 2274 427 2301 me
441 2261 517 2313 impelli
536 2261 660 2312 sentiebam,
680 2273 793 2313 quanquam
808 2261 833 2302 ab
849 2275 883 2310 eo,
903 2275 942 2314 quo

93 2322 166 2370 fungor
180 2331 263 2359 munere
278 2320 299 2359 in
309 2318 405 2359 Patauino
421 2318 529 2369 gpnnasm
545 2317 692 2369 quodammodo
707 2317 733 2357 ad
747 2318 887 2371 philosophica
901 2323 943 2358 stu-

93 2376 126 2416 dia
145 2383 250 2415 revocatus
269 2388 311 2423 me,
333 2380 428 2427 quantum
444 2380 543 2426 optarem,
561 2374 659 2425 proficere
673 2386 734 2425 posse
749 2375 771 2415 in
785 2375 887 2427 theologia
901 2376 944 2415 fere

94 2432 181 2472 animum
197 2432 359 2483 despondissem.
388 2430 460 2470 Fariut
475 2429 549 2481 superi,
565 2434 642 2470 utrem
657 2429 730 2470 iterum
745 2444 755 2471 a
771 2431 824 2472 calce
839 2433 865 2472 ad
876 2443 943 2471 carce-

93 2502 137 2529 rem
150 2489 261 2541 perducere
276 2488 382 2540 aliquando
398 2487 507 2539 possimus.
524 2487 609 2538 Sperare
622 2486 682 2527 iuvat.
711 2488 791 2529 Interea
805 2489 854 2528 milri
868 2493 943 2540 tempe-

94 2557 139 2585 rare
160 2558 200 2584 non
215 2544 282 2596 proteri,
304 2544 411 2597 quominus
430 2544 480 2582 baec
494 2543 625 2594 producerem
641 2544 665 2583 ad
680 2544 819 2585 defensionem
833 2545 870 2585 viri
885 2544 943 2584 nobi-

94 2601 166 2641 lissimi
182 2601 241 2641 etde
256 2601 328 2641 litteris
344 2601 419 2653 optime
434 2599 501 2638 meriti
510 2598 630 2638 llarcbionis
644 2600 711 2641 blanel
726 2609 796 2641 contra
811 2601 944 2641 clarissimum

95 2657 262 2708 Christopborum
277 2658 399 2697 llattbaeum
413 2656 516 2701 Plaltlum,
532 2655 553 2694 in
568 2654 605 2703 iis,
628 2668 678 2707 quae
693 2656 796 2708 pertinent
810 2658 835 2698 ad
850 2663 908 2697 notas
923 2656 944 2696 in

95 2715 206 2764 fragmenta
220 2714 329 2754 s.lr·enaeo
345 2714 440 2764 episcopo
449 2710 578 2762 Lugdunensi
592 2711 672 2752 tributa.
701 2713 723 2753 ld
738 2726 799 2765 porro
815 2714 847 2765 egi
858 2713 944 2753 maximo

96 2782 135 2822 quo
152 2770 217 2808 studio
232 2770 300 2821 potui,
316 2781 438 2821 operamque
454 2767 500 2808 dedi
515 2772 537 2806 ut
551 2767 600 2806 satis
615 2768 729 2820 diligentiae
744 2782 826 2822 possem
841 2769 944 2810 adhibere.

97 2825 231 2873 Quamobrem
246 2826 263 2864 si
278 2826 299 2865 in
313 2826 345 2865 his
361 2826 393 2873 sit,
410 2825 463 2877 quod
478 2823 545 2863 minus
560 2823 642 2875 dignum
655 2825 751 2875 videatur,
767 2826 850 2867 nonsit
865 2826 945 2866 aliunde

97 2882 161 2935 culpa,
177 2894 235 2934 quam
251 2894 262 2922 a
277 2895 309 2922 me
324 2883 369 2935 ipso
384 2880 501 2934 repetenda.
530 2880 621 2922 Laudare
637 2882 710 2923 etenim
726 2895 761 2924 eos
776 2896 817 2925 non
832 2883 895 2932 soleo,
911 2882 945 2934 qui

95 2966 300 2976 —ssq-

144 3006 160 3048 1]
172 3008 217 3040 Plau.
230 3008 246 3040 in
257 3009 325 3050 praelat.
348 3009 401 3050 Hagac
414 3008 471 3041 Comit,
