1936 3304
396 178 513 205 rnrlrrrarro.
848 160 875 202 45

30 287 108 338 scripta,
123 285 145 321 ut
158 277 237 319 Erasmi
251 276 317 317 verbis
332 283 383 327 utar,
399 279 476 331 spirant
491 278 581 331 priscum
595 275 652 315 illurn
669 273 766 325 evangelii
780 273 877 325 vigorem,

30 359 52 387 aa
65 337 144 395 phrasis
160 333 226 386 arguit
239 340 310 386 pectus
324 335 419 387 martyrio
438 341 541 388 paratum,
565 346 624 385 quem
643 330 766 373 sanctissimi
781 336 877 383 roartpes

31 400 161 451 lugdunenses
177 391 269 443 epistolis
285 392 327 431 suis
345 392 452 443 magnifice
468 391 619 439 cornrnendant3
635 402 694 442 quem
706 388 792 439 denique
800 400 878 427 morum

31 453 131 505 integritas
151 449 172 489 in
187 448 269 489 Pothini
287 449 348 500 primi
366 449 529 499 Lugdunensium
545 447 637 500 episcopi
656 447 723 486 locum
742 444 828 485 suffecit.
862 445 877 483 E

31 510 118 569 pluribus
140 518 187 546 vero
204 516 255 558 qnae
269 506 378 557 reliquerat
392 506 496 546 doctrinae
510 505 632 557 pietatisque
646 501 783 544 monumentis
807 513 877 553 super-

32 576 76 612 sunt
89 563 135 604 libri
151 562 239 615 quinque
259 575 309 613 quos
329 562 411 614 scripsit
432 562 527 603 adversus
546 562 640 603 haereses
657 560 808 607 Gnosticorum,
828 571 879 610 quae

32 629 72 667 eius
86 627 177 672 tempore
191 619 213 659 in
227 619 309 669 regione
328 618 455 670 lugdunensi,
476 619 508 660 cui
523 624 635 672 praeerat,
649 616 736 670 grassari
751 616 791 655 iarn
806 627 879 667 coepe-

31 686 83 728 rant,
98 691 121 717 eo
136 676 200 729 pluris
216 675 342 724 aestimandi,
357 681 399 715 trrnr
415 677 468 729 qnod
484 690 508 717 ex
521 682 551 717 tot
566 682 586 716 ιι
594 675 655 716 tantis
668 674 741 727 quihus
750 672 879 712 christianam

32 740 87 780 tidem
102 734 236 774 illustraverat
251 732 352 784 operibus,
368 733 419 773 nihil
434 733 488 774 alind
503 734 545 774 lere
561 734 587 773 sit
601 732 685 785 reliqui3
709 736 750 770 turn
765 730 819 781 quod
833 742 879 782 pre-

32 797 92 837 tiosae
107 790 148 830 sint
167 788 291 842 apostolicae
306 789 377 829 aetatis
392 790 495 843 reliquiae,
512 790 584 844 quihus
600 803 629 839 ea,
645 800 705 842 quant
720 786 826 839 discipulis
836 786 878 826 snis

32 848 152 893 tradiderant
171 845 258 899 apostoli
282 851 302 885 et
324 846 348 886 ab
370 847 402 887 his
423 854 528 900 acceperat
546 848 651 895 irenaeus,
675 844 767 886 doctrina
786 850 806 883 ct
821 843 880 883 lacile

33 903 192 960 deprehenditur,
208 908 228 943 et
243 902 267 942 ad
282 915 320 943 nos
335 903 411 944 illibata
426 905 574 945 transmittitur.
603 905 627 944 ln
644 903 670 944 iis
686 901 787 954 siqnidem
801 900 880 953 praeci-

32 977 68 1018 pua
84 973 173 1013 quaeque
193 959 316 1008 catholicae,
337 974 397 1013 cpiam
415 961 524 1001 hodienum
539 962 668 1013 profitemur,
685 959 731 999 lidei
748 959 841 1010 dogmata
856 958 880 997 de

32 1018 129 1073 mysteriis
145 1016 285 1058 soractissinrae
300 1017 404 1058 Trinitatis
420 1024 439 1058 ιι
458 1018 609 1067 incarnationis,
626 1019 650 1058 de
660 1016 799 1064 sacramentis,
815 1015 879 1055 eccle-

33 1076 112 1118 siastica
130 1073 254 1122 hierarchia,
277 1074 344 1114 divina
363 1075 506 1128 episcoporum
521 1075 660 1122 institutione,
683 1073 797 1114 traditionis
812 1080 880 1112 aueto-

33 1135 98 1180 ritate,
117 1131 173 1171 Petri
192 1131 276 1183 eiusque
299 1144 440 1172 suceessorum
459 1146 553 1184 suprema
573 1131 669 1183 dignitate
689 1141 712 1170 ac
732 1129 820 1181 primatu
842 1135 880 1169 etc.

34 1192 106 1232 diserte
121 1188 171 1228 adeo
186 1187 310 1241 explicantur
329 1194 349 1228 et
364 1190 516 1237 confirmantur,
538 1195 561 1229 ut
579 1202 620 1228 non
639 1193 718 1229 veteres
737 1191 825 1234 tanturn,
846 1187 881 1225 sed

34 1250 129 1300 quotquot
144 1245 168 1284 ab
179 1245 296 1298 apostolicis
311 1246 436 1298 temporibus
452 1247 477 1286 ad
492 1252 561 1286 nostra
572 1259 636 1298 usque
648 1249 773 1286 emerserunt
786 1244 882 1283 haereses

34 1304 78 1345 hinc
93 1301 189 1342 radicitus
212 1301 316 1354 exstirpari
342 1316 364 1343 ac
384 1304 473 1343 linrditus
489 1303 551 1344 everti
566 1303 650 1343 valeant.
679 1301 792 1353 Eapropter
807 1313 818 1340 a
834 1300 882 1339 Gre-

34 1360 88 1413 gorio
103 1359 174 1410 hlagno
190 1359 225 1398 diu
240 1371 263 1399 ac
278 1359 364 1400 sollicite
385 1360 469 1412 quaesiti
486 1366 505 1401 et
524 1374 535 1401 a
550 1373 578 1400 ss.
593 1360 684 1413 patribus
705 1371 727 1398 ac
742 1358 782 1410 piis
799 1357 881 1410 quibus-

35 1430 70 1470 que
86 1415 194 1457 Catholicis
210 1421 249 1456 tarn
265 1416 333 1456 sedula
348 1429 407 1457 mann
425 1417 499 1457 versati
519 1424 538 1458 et
557 1430 581 1457 eo
601 1416 711 1457 studiosius
730 1415 814 1467 perlecti
830 1419 882 1456 sunt.

35 1487 71 1527 quo
86 1486 148 1526 pinos
170 1472 293 1525 apostolicae
308 1473 411 1514 doctrinae
429 1474 500 1514 latices
516 1488 527 1514 a
542 1474 630 1514 lontibus
645 1478 737 1513 recentes
752 1472 833 1512 haurire
848 1485 882 1513 vo-

35 1533 78 1583 lupe
93 1530 136 1570 luit.
166 1531 218 1570 Hinc
233 1542 257 1569 cx
272 1543 310 1582 quo
326 1536 395 1571 renata
410 1531 431 1571 in
447 1532 555 1572 Occidente
571 1532 668 1571 honarum
683 1531 796 1569 litterarum
810 1530 882 1577 studia,

35 1592 149 1638 resurgente
165 1586 224 1627 simul
239 1587 260 1626 in
275 1587 354 1627 Irenaei
368 1588 518 1629 lucubrationes
534 1601 611 1637 amore,
632 1588 684 1628 nihil
698 1586 755 1639 prius
770 1586 884 1626 hahuerunt

36 1645 61 1692 ii,
77 1644 148 1696 quibus
168 1656 225 1684 sacra
245 1644 353 1696 antiquitas
369 1646 425 1685 cordi
443 1646 494 1694 fuit,
517 1659 577 1698 qumn
597 1651 620 1685 ut
637 1658 671 1685 eas
691 1643 884 1684 ebiblinthecanun

37 1701 122 1741 tenebris
139 1706 205 1741 erutas
220 1701 273 1752 typis
289 1701 438 1742 committerent
452 1702 569 1755 publicique
584 1702 634 1742 iuris
650 1705 745 1742 lacerent.

89 1758 156 1798 Prima
183 1758 271 1798 omnium
298 1758 360 1798 editio
382 1764 413 1799 est
439 1772 498 1811 quam
518 1760 610 1800 basileae
631 1758 746 1812 procuravit
767 1757 884 1798 Desiderins

36 1815 128 1854 Erasmus
144 1827 195 1855 anno
212 1813 274 1854 1526.
294 1828 316 1855 ex
335 1815 400 1856 trihus
416 1817 572 1869 exemplaribus,
593 1829 633 1856 nno
650 1816 703 1868 quod
717 1815 792 1855 Romae
808 1815 884 1855 descri-

36 1877 89 1922 ptum
104 1872 128 1910 ad
145 1884 189 1911 eum
204 1871 260 1911 misit
273 1872 359 1912 Ioannes
374 1873 449 1922 Faber,
469 1874 547 1913 duobus
566 1873 610 1913 aliis
626 1887 637 1913 e
652 1872 780 1913 monasteriis
796 1885 884 1911 commo-

37 1929 79 1967 dato
95 1928 198 1980 praebitis.
230 1928 282 1976 Quid
292 1929 380 1981 'insuper
394 1930 416 1969 in
431 1931 468 1970 hac
484 1931 572 1971 editione
587 1929 716 1983 praestiterit,
732 1934 801 1968 monet
815 1929 836 1968 in
848 1942 885 1968 sna

37 1985 119 2037 epistola
137 1985 283 2038 nuncupatoria
302 1986 327 2025 ad
346 1987 469 2027 Bernardurn
492 1988 517 2027 de
536 1988 594 2027 Gloss
609 1987 727 2039 episcopum
746 1985 884 2031 tridentinum,

36 2047 104 2093 postea
120 2048 208 2082 creatum
223 2042 344 2082 cardinalem
364 2057 375 2083 a
391 2044 492 2085 Clemente
508 2045 562 2097 Papa
576 2045 618 2085 tlt.
634 2057 687 2084 anno
704 2042 765 2084 toto.
785 2056 845 2096 quarn
860 2044 885 2083 ad

37 2098 129 2139 editionis
149 2104 230 2139 nostrae
250 2099 325 2140 calcem
343 2101 413 2152 reponi
434 2101 554 2141 curavimus.
588 2102 614 2142 Αι
632 2107 655 2141 ut
672 2100 750 2141 homini
769 2101 793 2140 de
811 2100 884 2140 litteris

38 2156 151 2208 ceteroquin
167 2162 207 2196 lam
221 2156 273 2196 bene
288 2157 360 2196 rncrito
375 2158 483 2209 plurimum
499 2159 588 2207 debetur,
604 2159 657 2211 qnod
672 2158 751 2198 lrerraei
766 2157 828 2197 libros
843 2157 884 2209 pri-

37 2224 79 2252 nrns
94 2214 138 2253 luce
154 2213 267 2262 donaverit,
283 2213 310 2253 ita
326 2214 440 2263 dolendum,
457 2216 510 2267 quod
524 2216 642 2256 melioribus
658 2215 762 2255 codicibus
778 2215 885 2255 destitutus

37 2269 92 2320 plura
107 2276 210 2322 praestare
225 2282 266 2309 non
280 2271 374 2323 potuerit.
404 2272 443 2311 Tot
458 2272 511 2312 enim
522 2273 607 2321 mendis,
624 2273 714 2319 lacunis,
730 2272 846 2323 inutilisque
862 2283 885 2310 ac

39 2326 149 2378 depravatis
164 2327 254 2379 periodis
270 2332 333 2368 scatet
349 2328 391 2368 eins
407 2329 475 2378 editio,
492 2335 514 2369 ιιι
527 2331 621 2370 irenaeus
638 2342 698 2382 saepae
713 2329 734 2368 in
748 2329 793 2380 ipso
801 2329 884 2368 Irenaeo

40 2389 144 2433 [quaeratur
170 2384 264 2436 illiusque
283 2385 403 2424 sententiam
425 2386 504 2438 assequi
521 2386 603 2426 difficile
618 2387 651 2426 sit.
681 2386 794 2427 Secundam
809 2384 884 2425 curavit

39 2439 130 2480 Nicolaus
147 2440 251 2486 Gallasius,
267 2441 428 2481 Calvinianornm
446 2443 563 2494 genevensis
578 2444 676 2491 minister,
693 2441 727 2493 qui
741 2442 884 2482 earnGenevae

39 2497 135 2549 evulgavit
149 2510 201 2537 anno
218 2497 279 2537 toto.
309 2499 349 2538 Sed
368 2500 457 2551 quamvis
477 2505 552 2548 errata,
573 2500 651 2540 collatis
670 2499 824 2550 exemplaribus,
837 2512 848 2539 a
863 2512 885 2539 se

40 2555 141 2594 emendata
155 2554 218 2594 luisse
233 2553 300 2604 dicat3
316 2568 376 2607 quum
392 2557 461 2596 eadem
476 2561 549 2604 tamen,
565 2569 615 2608 quae
626 2556 679 2608 apud
687 2556 799 2605 llrasrnum,
815 2569 885 2596 occur-

39 2618 91 2659 rant,
112 2611 178 2664 palam
193 2615 224 2651 est
238 2612 304 2651 nullos
320 2612 422 2652 consultos
437 2613 500 2653 t'uisse
514 2613 570 2653 MSS.
586 2614 673 2653 codices.
699 2613 770 2653 ‘Novae
786 2614 887 2653 dumtaxat

39 2668 137 2708 veteribus
153 2668 231 2708 additae
247 2669 335 2721 capitum
350 2670 459 2710 summulae
478 2676 498 2710 et
515 2670 590 2710 inserta
606 2683 656 2722 quae
672 2682 742 2722 graece
762 2684 786 2710 ex
803 2671 886 2711 Irenaeo

40 2725 176 2778 transscripsit
189 2724 326 2777 Epiphanius,
346 2740 390 2766 cnm
409 2740 460 2767 nova
479 2728 644 2780 interpretatione
658 2728 721 2768 latina
740 2740 803 2779 eaque
817 2740 888 2779 parum

41 2788 138 2822 accurata.
167 2782 222 2822 llrrde
238 2781 329 2831 Gallasii,
346 2789 368 2824 ut
382 2784 471 2833 videtur,
488 2785 594 2825 consilium
609 2785 652 2833 fuit,
668 2789 765 2825 nontam
780 2790 801 2824 ut
816 2784 889 2824 cultior

41 2841 60 2875 ιι
74 2839 198 2879 ιιιιιιιιιίιιοι·
212 2839 302 2891 prodiret
316 2841 418 2890 irenaeus,
434 2855 493 2894 (qnam
507 2848 530 2882 ut
544 2842 627 2893 prolixis
640 2855 664 2882 ex
676 2842 788 2883 calviniana
796 2841 888 2881 doctrina

41 2895 92 2935 notis
107 2896 144 2936 viri
160 2895 282 2936 sanctissimi
301 2898 400 2938 sententia
420 2899 606 2947 circumveniretur,
630 2906 649 2939 et
667 2905 756 2940 veterum
775 2899 888 2938 haereseon

41 2950 172 3005 triumphator
190 2953 290 2993 reluctans
314 2954 339 2992 ad
358 2968 430 2994 novam
445 2957 556 2996 traheretur
580 2962 614 2995 aut
631 2956 744 2997 maledictis
759 2955 888 2996 laceraretur.

42 3005 147 3050 Gallasiurn
163 3010 242 3063 excepit
255 3010 340 3052 loannes
355 3012 439 3052 lacobus
455 3012 556 3064 Grpraeus
572 3026 596 3053 ex
611 3014 679 3054 eadem
693 3017 754 3062 secta,
770 3013 804 3065 qui
817 3025 888 3054 novam
