1936 3304
62 199 103 240 490
310 208 338 238 vt.
359 209 458 238 nrrsrena
472 208 503 236 ru.
518 208 592 237 uraniae
607 209 668 236 neem

63 309 162 361 usquead
177 320 221 358 nos,
238 309 272 362 qui
286 310 337 351 nihil
351 309 389 350 tale
405 309 521 358 docuerunt,
536 322 602 362 neque
617 316 760 361 cognoverunt,
776 308 834 361 quale
849 308 913 349 abhis

62 366 158 407 deliratur·
173 367 202 416 (et
215 368 315 407 recensita
323 366 452 406 successione
459 366 577 418 pontificum
586 366 606 406 iu
615 367 704 406 Romana
714 367 768 415 sede,
784 366 856 418 pergit)
872 365 914 405 Hac

63 423 195 473 ordinatione,
211 429 231 464 et
245 424 380 471 successione,
396 436 426 472 ea,
442 436 492 475 quae
508 429 539 464 est
554 423 578 464 ab
594 423 691 476 apostolis
706 423 727 462 in
742 423 837 472 ecelesia,
851 422 914 463 tradi-

62 482 101 528 tio,
125 486 145 520 et
166 481 255 521 veritatis
277 479 414 532 praeconiatie
437 481 529 532 pervenit
547 493 610 533 usque
632 481 657 520 ad
679 492 724 519 nos.
754 481 778 520 Et
793 486 824 520 est
838 479 914 532 plenis-

62 538 112 578 sima
128 538 179 579 haec
194 537 288 584 ostensio,
312 549 372 576 eruam
387 542 407 577 et
422 538 506 578 eandem
521 537 669 577 vivificatricem
683 536 744 577 fidem
759 550 810 585 esse,
828 549 878 589 qnae
893 536 915 575 in

64 595 157 636 ecclesiis
172 595 196 634 ab
212 594 309 645 apostolis
323 606 388 646 usque
403 607 457 634 nune
472 595 498 634 sit
514 600 636 642 conservata,
653 599 672 633 et
686 593 759 633 tradita
774 593 795 634 in
809 594 914 634 veritate.“

63 652 127 692 Huius
143 658 207 691 autem
222 650 340 702 argumenti,
357 652 410 702 quod
426 653 484 692 affert
498 665 515 692 S.
530 652 624 692 irenaeus
640 655 709 690 centra
725 650 838 699 Gnosticos,
853 650 875 689 in
891 662 914 690 eo

63 709 93 748 ris
114 708 164 748 mihi
178 708 256 747 ridetur
270 707 379 748 collocata:
401 708 454 760 qued
469 708 563 749 nimirum
579 707 701 749 consuetedo
721 711 741 747 et
754 706 835 747 traditio
851 707 915 747 ecele-

64 766 105 805 siae
123 765 144 804 in
164 763 260 804 docendis
281 765 407 816 dogmatibus
427 765 454 805 sit
473 765 497 805 ab
512 765 610 817 apostolis
625 765 694 805 ducta:
713 777 779 816 neque
794 763 916 816 apostolicas

64 816 176 871 διατάξεις
190 822 307 874 perspicere
321 827 376 862 recte
391 822 500 874 pessimus,
514 822 555 861 nisi
565 822 635 862 oeulos
650 826 777 874 mentemque
786 821 810 862 ad
818 820 916 861 ecciesiae

64 878 230 919 consuetudinem
254 885 400 919 convertamus.
438 879 496 926 Quod
519 879 536 918 si
551 878 629 919 Irenaei
651 878 802 919 ratiocinationi
823 876 917 918 nonnihil

62 935 160 975 momenti
178 935 232 975 inest
247 940 267 975 et
281 935 384 988 ponderis,
400 935 559 975 concludendum
573 935 627 975 haud
643 935 702 975 dubie
717 935 765 983 erit,
788 934 916 975 eonsuetudi-

63 1005 110 1032 nem
126 992 223 1032 ecciesiae
242 993 264 1032 in
279 1005 300 1031 re
316 992 428 1043 degnmtiea
444 991 493 1032 adeo
509 992 642 1032 certissimam
657 1004 702 1032 esse
717 992 806 1032 veritatis
821 991 915 1043 regulam,

63 1054 86 1088 ut
108 1049 239 1088 descendisse
260 1048 314 1088 illam
334 1062 358 1089 ex
377 1048 487 1101 apostolica
506 1048 626 1095 traditione,
648 1048 674 1088 sit
689 1049 770 1087 omnino
786 1048 917 1089 censendum.

64 1106 174 1145 Confirmat
192 1106 211 1145 id
227 1105 363 1157 Epiphanius,
383 1105 417 1157 qui
436 1111 502 1145 uh'um
523 1106 643 1145 eredendum
659 1104 685 1144 sit
699 1104 826 1144 hominiuni
841 1117 878 1145 een
892 1104 917 1144 de

64 1174 115 1201 nore
132 1161 248 1213 emergenti,
264 1174 289 1201 an
304 1162 401 1202 ecelesiae
416 1161 525 1211 traditioni,
541 1162 633 1214 inquit¹):
649 1162 705 1210 „Iam
719 1174 767 1202 rere
782 1162 822 1201 utri
836 1162 918 1201 tandem

65 1218 145 1259 illorum
160 1218 268 1270 peritiores
284 1217 345 1258 sinit‘?
375 1221 404 1259 dn
421 1231 489 1259 errore
498 1218 594 1271 deeeptus
602 1218 717 1266 homuncio,
734 1217 918 1270 quinunetandem

65 1275 154 1324 emersit,
170 1280 190 1315 et
205 1275 269 1315 adhuc
284 1275 345 1315 hodie
360 1280 463 1327 superstes
479 1274 525 1315 est?
553 1277 583 1316 hu
599 1275 632 1328 qui
648 1279 693 1315 ante
701 1287 739 1315 nes
746 1280 808 1315 testes
817 1275 917 1328 exstitere,

66 1331 140 1384 quique
155 1336 202 1371 ante
217 1344 255 1371 nos
271 1332 356 1371 eandem
370 1332 497 1372 traditionem
513 1333 534 1372 in
550 1332 635 1372 ecelesia
651 1337 763 1380 tenuerunt,
780 1330 839 1384 quain
852 1337 871 1371 et
878 1330 919 1384 ipsi

65 1402 75 1427 a
91 1388 209 1439 parentibus
225 1388 267 1427 suis
283 1393 413 1440 acceperant,
429 1394 449 1428 et
463 1388 554 1441 ipsorum
568 1392 662 1440 parentes
678 1400 689 1426 a
703 1388 814 1428 maioribus
830 1388 873 1428 suis
888 1387 918 1427 di-

66 1444 166 1494 dieerant3
183 1445 350 1497 quemadmodum
366 1444 461 1490 eeclesia,
481 1457 541 1496 quam
556 1458 566 1484 a
582 1444 671 1497 patribus
687 1444 729 1484 suis
745 1444 828 1497 accepit,
844 1449 919 1484 rectam

66 1507 86 1541 et
101 1502 199 1542 sinceram
214 1501 275 1541 fidem
290 1513 335 1541 eum
349 1501 492 1541 traditionibus
508 1502 533 1542 ad
547 1502 600 1541 hane
608 1501 662 1541 diem
670 1499 791 1541 observat‘?“
807 1506 846 1542 ete.
867 1501 918 1541 Item

66 1563 111 1598 ante
126 1558 260 1610 Epiphaniam
275 1557 421 1598 Alexand-ines
436 1558 528 1599 Clemens
544 1570 605 1610 agens
621 1562 689 1598 eontra
704 1558 801 1598 socordes
816 1557 868 1606 illos,
884 1557 919 1610 qui

66 1621 86 1654 et
100 1615 223 1666 apostolicas
239 1614 357 1654 traditiones
374 1615 538 1666 corrumpebant,
558 1622 578 1654 et
593 1614 646 1667 qued
662 1614 867 1655 comminiscebantur
880 1614 919 1654 niti

66 1671 132 1710 diuina
147 1671 255 1711 traditione
271 1672 377 1711 estendere
388 1672 511 1722 satagebant,
527 1670 625 1724 inquire:
642 1671 754 1718 „Sedbene
764 1683 809 1711 cum
816 1672 845 1711 eis
853 1677 918 1711 aetum

67 1733 127 1775 esset,
143 1728 161 1767 si
176 1728 228 1767 seire
242 1728 356 1780 potuissent
371 1741 400 1775 ea,
416 1740 467 1780 qnae
482 1728 538 1780 parius
553 1733 599 1768 sunt
614 1727 692 1767 tradita.
722 1727 796 1778 iserge
807 1728 868 1775 seius,
885 1727 919 1779 qui

68 1789 99 1823 est
119 1784 233 1834 cognitione
248 1784 362 1836 praeditus,
383 1797 442 1836 quum
458 1783 479 1824 in
493 1784 544 1835 ipsis
559 1783 689 1825 consenuerit
703 1784 807 1837 seripturis
822 1784 920 1837 apostoli-

68 1852 111 1879 cam
131 1846 151 1879 et
170 1839 327 1880 eeclesiasticam
348 1852 429 1879 servans
450 1840 565 1891 dogmatum
585 1839 725 1880 rectitudinem
743 1840 857 1881 rectissime
871 1840 920 1881 vivit

68 1897 211 1936 conuenienter
219 1897 344 1946 evangelion
365 1896 416 1936 Item
425 1894 554 1948 Origenes³):
570 1895 669 1944 „Quoties
679 1897 870 1948 antem(haeretici),
886 1897 919 1945 ait,

68 1952 175 1993 canonicas
190 1953 296 2004 proferunt
310 1952 427 2004 scripturas,
443 1952 464 1992 in
480 1952 552 2005 quibus
568 1953 633 1992 omnis
643 1952 769 1993 Christianus
785 1953 885 1993 censentit
900 1959 920 1994 et

68 2009 137 2057 credit,
152 2009 245 2049 videntur
260 2008 337 2049 dicere:
354 2021 400 2049 ecee
416 2009 437 2048 in
453 2009 546 2049 domibus
558 2014 589 2049 est
603 2008 685 2050 verbum
700 2010 796 2050 veritatis.
827 2009 867 2050 Sed
881 2022 920 2050 nos

68 2066 108 2105 illis
124 2066 206 2117 credere
221 2078 263 2104 non
278 2066 379 2114 debemus,
395 2078 433 2105 nee
449 2066 503 2106 exire
518 2080 528 2106 a
543 2066 607 2117 prirna
624 2071 643 2105 et
658 2065 796 2106 ecelesiastica
806 2066 920 2114 traditione,

67 2133 106 2162 nec
125 2121 182 2161 ahter
204 2122 296 2170 credere,
318 2122 358 2161 nisi
378 2122 544 2174 queamdmodum
559 2135 596 2174 per
610 2123 751 2163 successiones
771 2123 869 2163 ecciesiae
884 2123 921 2163 Dei

67 2178 194 2218 tradiderunt
208 2177 289 2218 nobis.“
318 2178 347 2217 Ex
362 2179 434 2229 quibus
450 2178 497 2230 qnid
512 2184 646 2230 consequatur
660 2179 728 2219 vident
743 2192 820 2228 omnes,
837 2180 871 2232 qui
884 2180 920 2220 ali-

69 2235 117 2287 quid
131 2235 207 2275 rident.
229 2235 307 2287 Nempe
322 2234 428 2274 eeclesiam
444 2235 572 2275 consuevisse
584 2247 665 2287 semper
672 2236 794 2286 apostolicas
802 2236 921 2277 traditiones

68 2293 156 2343 integras
171 2291 318 2343 inviolatasque
326 2303 411 2337 servare,
427 2295 447 2330 et
461 2297 568 2343 propterea
583 2291 604 2330 in
619 2291 679 2331 rebus
694 2291 761 2331 dubiis
777 2297 797 2331 et
811 2293 921 2333 salehresis

69 2350 92 2389 ad
109 2360 159 2396 eam,
175 2360 212 2388 ceu
228 2348 253 2387 ad
268 2347 352 2399 Lpdinm
366 2347 465 2399 lapident,
482 2352 503 2386 ut
517 2347 578 2395 aiunt,
595 2347 689 2400 antiquos
708 2348 747 2387 PP.
767 2348 838 2389 solitos
858 2350 921 2390 tuisse

69 2405 182 2456 appellare:
199 2404 249 2444 adeo
265 2409 342 2444 certum
357 2410 389 2443 est
404 2403 571 2443 cousuetudinem
586 2404 683 2444 ecclesiae
698 2404 921 2456 inredogmaticaeer-

68 2462 169 2500 tissimum
184 2461 248 2509 fuisse
263 2473 343 2512 semper
357 2459 446 2499 veritatis
462 2465 611 2510 argurnentum,
630 2466 653 2501 ut
667 2460 691 2501 ab
707 2461 805 2513 apostolis
820 2462 921 2515 incepisse

68 2518 156 2557 maiores
171 2517 236 2556 nostri
251 2516 380 2557 crediderint.

127 2574 166 2615 Sed
181 2573 300 2613 universalis
316 2573 415 2613 eeclesiae
430 2572 553 2611 consuetude
569 2572 612 2621 suit,
628 2573 700 2613 offerre
715 2573 736 2612 iu
746 2573 921 2615 eucharistiaeor-

68 2642 107 2682 pus
129 2635 149 2670 et
163 2630 282 2681 sanguinem
297 2629 378 2678 Christi,
398 2629 469 2668 saltem
488 2640 498 2666 a
517 2633 586 2679 quarto
603 2630 670 2668 seenlo
686 2629 731 2681 ipso
747 2631 822 2671 fatente
837 2633 920 2672 Piaffio:

71 2698 118 2737 ergo
136 2686 157 2725 id
176 2699 211 2726 ees
231 2687 304 2726 secisse
324 2685 432 2726 traditione
453 2683 537 2736 quadam
556 2685 666 2736 apostolica
681 2692 784 2737 permotos
799 2690 923 2729 censendum

71 2749 106 2790 est,
122 2742 247 2794 proindeque
262 2743 325 2783 tribus
342 2742 401 2783 etiam
417 2746 463 2781 ante
479 2745 570 2792 qnartnrn
586 2740 659 2782 seculis
666 2743 798 2793 praestitisse.
827 2744 877 2785 Nam
891 2746 922 2785 in-

71 2797 240 2850 quitBasilius4J:
256 2800 292 2848 „Si
308 2799 361 2851 apud
376 2797 464 2838 tribunal
479 2797 632 2849 probationibus
648 2812 659 2838 e
673 2799 748 2852 scripto
759 2800 856 2850 destituti,
871 2802 922 2842 mul-

72 2861 103 2894 tos
124 2855 192 2911 vebis·
204 2860 266 2895 testes
287 2856 451 2909 produceremus,
468 2865 535 2893 nenne
554 2854 673 2894 sententiam
687 2856 824 2898 absolventem
839 2871 850 2898 a
865 2858 922 2899 vobis

72 2987 232 3076 cqp1⁹)9Haerdo
291 2990 308 3031 2)
321 2992 380 3024 Strem.
393 2991 420 3023 et.
434 2991 449 3022 i.
504 2988 521 3029 3)
534 2989 585 3022 Traet.
598 2989 624 3023 29.
637 2991 718 3025 iuhiatth.
770 2992 787 3033 t)
798 2994 821 3026 Dc
833 2994 893 3036 Spiritu
906 2995 922 3027 S.
