1936 3304
335 181 360 207 nn
377 181 515 209 unosrrconnrr
530 182 599 208 nanus.
869 169 895 208 aa

42 286 98 329 notis.
127 282 196 321 Exstat
211 279 292 331 quidem
307 280 460 321 Pharbaethitcs
475 280 578 321 inferioris
592 281 676 333 Aegypti
692 293 770 329 neurus
791 282 847 321 cuius
863 294 895 320 ca-

41 348 76 401 put
89 339 136 380 urbs
151 336 300 384 Pharbaethrrs,
320 337 428 378 Bubastico
444 345 464 377 et
478 337 587 377 Busiritioo
608 337 725 377 fluminibus
741 337 857 385 conclusus,
874 337 895 378 in

42 396 143 441 meridiem
163 405 257 444 vergens,
279 394 335 434 cuius
352 394 463 434 meminere
477 394 592 434 Herodotus
608 394 643 435 lib.
658 408 681 435 11.
698 407 741 446 cap.
760 394 806 434 ldd.
822 395 894 435 Strabo

42 457 73 497 lib.
88 464 134 492 xvn.
150 450 226 489 Plinius
242 450 276 490 lib.
292 464 310 490 v.
326 463 370 503 cap.
387 451 406 490 9.
441 451 481 492 Sed
500 464 577 498 vereor,
600 459 622 491 ut
636 452 696 492 huius
711 451 767 491 nomi
783 451 833 491 situs
850 464 893 490 curn

42 507 150 564 Epiphanio
167 508 286 555 consentiat,
302 507 337 559 qui
350 503 484 563 theodoriana
495 509 533 563 τῆς
541 502 661 562 Αἰγύπτου
672 503 894 564 nooccdrrrlrrpu‚Plrr¹e-

42 570 122 610 tonitam
137 564 163 603 ud
176 567 297 604 rranrr'tr'ntnrn
312 564 396 616 Aepppti
410 577 467 604 ornan
482 567 528 604 esse
544 565 621 605 scribit.
650 566 739 616 Longius
755 577 809 604 enrm
821 578 831 604 a
844 566 894 604 mari

41 626 98 665 distat
111 620 264 660 Pharbaethitos
279 633 358 666 numus,
382 633 410 667 ac,
430 633 456 660 ne
471 621 555 673 propius
571 622 659 670 accedat,
675 622 803 662 intercedunt
812 622 893 668 Tanites

41 688 59 721 rt
72 680 123 719 Nerrt
140 677 202 716 nonii.
238 677 304 724 Quare
320 677 400 730 siquid
417 677 500 718 etmihi
516 678 617 719 coniicere
632 678 701 726 liceat,
722 679 824 719 lubentius
840 680 891 731 apud

41 733 170 789 Epiphaniunr
185 734 272 784 legerem
286 734 421 774 Phtenotitern
437 735 468 774 rel
483 735 602 775 Ptenetiten.
632 736 741 775 l’hterrotes
757 736 810 775 enim
825 736 892 775 Ptole—

41 805 94 834 rrraeo
109 803 180 830 nomus
196 795 239 829 erat
254 791 274 830 in
289 790 373 843 Aegypti
387 792 450 839 Delta,
467 793 643 845 suprallleteliten,
659 793 680 832 irr
696 799 784 832 anstrum
799 806 890 843 vergens

41 863 76 891 uec
93 847 189 900 procula
205 847 265 895 inari,
287 847 344 887 cuius
360 854 419 900 caput
434 855 477 888 erat
490 850 584 901 Βοῦτος,
600 850 672 889 Butns.
703 849 824 889 doctissimo
841 851 891 888 llar-

41 907 98 947 drrino
113 904 166 944 idem
182 917 227 944 esse
241 904 329 952 ridetur,
350 905 384 957 qui
399 905 459 945 Plinii
475 905 578 953 Ptenetlnr,
597 907 632 946 lib.
648 920 665 946 r.
683 919 727 958 cap.
744 906 763 946 9.
783 906 843 958 idrpre
858 920 891 945 ro-

40 975 80 1004 rum
100 973 174 1000 nornen
192 973 237 1000 esse
257 961 321 1001 credit
340 963 370 1002 uir
384 961 404 1001 iu
421 963 561 1015 geographicis
581 963 716 1016 peritissimus
733 962 890 1015 Christophorrrs

41 1018 140 1065 hellarius,
162 1018 209 1069 quia
224 1018 246 1057 in
261 1018 415 1058 calchedonensi
432 1020 515 1071 synodo,
535 1025 578 1059 rtet.
594 1021 609 1059 l.
630 1020 737 1060 llcrreclr'us
752 1020 890 1066 Ptcnctlrcnar's

40 1080 164 1117 memoratur.
194 1074 296 1128 Quidquid
311 1075 343 1123 sir,
358 1075 498 1116 Alexandriam
512 1078 616 1128 proiectus
630 1077 747 1116 Valentinus
756 1075 777 1127 ¹),
793 1076 822 1116 ibi
831 1077 880 1116 Grae

40 1144 105 1172 corum
120 1131 196 1171 artibus
210 1144 252 1171 non
266 1132 396 1172 mediocriter
411 1133 513 1172 institutus
529 1138 565 1172 est.
599 1134 741 1173 Doctissimum
758 1133 812 1173 euim
827 1133 890 1173 luisse

41 1188 109 1230 scribit
123 1188 256 1240 Hieronymus
271 1189 348 1230 indse.
364 1202 408 1241 cap.
423 1203 442 1229 x.
459 1190 513 1229 etin
528 1189 611 1241 Dialogo
628 1189 841 1238 contrahamnnnas,
858 1190 891 1241 uui

42 1245 121 1296 llrigerri
135 1245 193 1297 vulgo
209 1246 336 1294 adscribitur,
351 1241 391 1287 oda
406 1241 494 1302 εὐτελὴς
509 1241 569 1302 ἀνήρ,
584 1247 890 1298 aarcirriumcrrranodrcnmx

43 1303 93 1350 Quin
115 1302 185 1342 saltem
207 1303 288 1353 ingenio
302 1303 381 1355 peracri
402 1308 422 1343 et
440 1303 461 1342 iu
480 1304 567 1343 lectione
582 1310 670 1349 veterum
686 1303 853 1355 philosophorum
869 1317 891 1343 ac

41 1363 143 1411 poetarum
157 1371 198 1399 non
213 1372 283 1412 parurn
298 1365 388 1400 versatus
404 1366 464 1405 esset,
480 1373 519 1400 non
528 1360 610 1411 negabit
621 1360 712 1412 quisquis
721 1361 744 1400 ad
753 1360 796 1399 eius
805 1366 891 1413 systema

41 1430 63 1456 cx
78 1420 117 1455 tarn
131 1416 199 1456 multis
214 1423 295 1469 tamque
310 1417 408 1457 abstrusis
424 1417 485 1465 ideis,
506 1417 579 1469 partim
599 1431 609 1457 a
629 1430 651 1457 se
667 1417 795 1467 excogitatis,
817 1418 890 1469 partirer

41 1472 118 1512 aliunde
136 1473 225 1522 haustis,
246 1475 280 1514 sed
299 1485 368 1513 secum
382 1474 468 1513 invicem
483 1479 590 1525 utcumque
605 1474 678 1526 aptatis
694 1474 811 1513 l'ahricatrrm
827 1480 891 1514 atten-

41 1529 96 1569 derit.
125 1530 233 1581 Inprimis
249 1531 389 1583 philosophiae
403 1529 528 1582 platonicae,
549 1531 572 1570 ad
588 1531 790 1583 quampotissimum
805 1536 892 1570 merrtem

41 1586 166 1638 alniellebant
180 1587 270 1627 Gnostici
290 1600 369 1635 ornnes,
390 1600 471 1639 operam
491 1587 582 1635 dedisse,
603 1587 661 1627 testis
677 1593 708 1627 est
722 1587 857 1627 Tertullianus
868 1586 890 1637 ²l÷

40 1644 134 1696 pluraque
153 1644 177 1683 ah
198 1658 220 1684 ea
242 1650 324 1696 accepta
343 1645 435 1696 dogmata
458 1645 603 1685 demonstrant.
637 1644 702 1691 Quum
724 1643 745 1683 in
764 1645 852 1697 Aegypto
873 1650 893 1684 et

38 1701 156 1751 praesertim
174 1702 315 1748 Alexandriae,
339 1701 419 1753 plurimi
438 1701 558 1741 ludaeorum
578 1715 601 1741 eo
620 1706 712 1753 tempore
730 1701 825 1747 vixerint,
845 1701 892 1740 hinc

40 1757 150 1798 verosimile
169 1763 226 1810 putat
240 1758 325 1799 Ioannes
340 1757 459 1798 Franciscus
473 1758 579 1806 Budaeus,
599 1758 620 1797 in
639 1758 744 1797 llissertat.
770 1758 794 1797 de
812 1758 892 1798 hae-resi

41 1814 132 1855 valentin.
156 1817 180 1855 ad
200 1816 276 1856 calcem
295 1815 455 1856 introductionis
477 1816 502 1855 nd
521 1815 551 1855 bis
563 1818 627 1855 orr'arn
643 1815 783 1866 pln'losopln'ae
802 1815 888 1855 Hebrae-

41 1883 101 1917 orum,
117 1885 201 1912 excusae
216 1872 278 1912 Halae
293 1874 394 1913 Saxonum
409 1885 441 1913 an.
455 1870 516 1912 1702.
532 1871 658 1912 Valentinum
674 1884 742 1911 eorum
756 1871 891 1924 philosophia

41 1928 102 1978 qualis
121 1943 144 1969 eo
164 1937 254 1981 ternpore
274 1935 327 1974 erat,
347 1928 409 1968 fuisse
429 1929 534 1968 imbutum.
567 1928 642 1968 Arrotor
657 1928 737 1980 quidem
753 1934 784 1967 est
800 1928 892 1968 Clemens

40 1984 183 2026 Alexandrinus
193 1985 216 2037 ³),
233 1985 343 2038 discipulos
359 1985 413 2033 eius,
433 1991 455 2025 ut
469 1985 586 2036 magistrum
602 1984 775 2032 commendarent⁷
796 1985 892 2036 gloriatos

40 2041 106 2091 luisse,
123 2055 167 2083 errnr
182 2048 334 2096 praeceptorem
348 2042 444 2082 hahuisse
453 2042 581 2081 Theodadenr
597 2055 632 2081 seu
642 2041 770 2081 Therrdadem
779 2042 891 2093 quemdam,

39 2097 60 2137 Β.
75 2100 132 2139 Pauli
147 2100 233 2152 apostoli
248 2099 376 2151 discipulum.
410 2099 450 2139 Sed
466 2099 510 2151 quis
526 2106 546 2137 et
561 2099 625 2151 qualis
642 2099 702 2138 luerit
716 2098 750 2139 ille
765 2098 891 2147 Theodades,

40 2161 58 2195 et
79 2163 151 2208 quanta
173 2158 223 2197 fides
245 2163 384 2209 suspectorum
405 2155 510 2195 hominurn
529 2155 640 2196 narrationi
656 2155 763 2204 alebantur,
786 2155 891 2196 nonsatis

38 2221 120 2254 constat.

348 2317 368 2348 ll.
392 2315 497 2348 varunrln'r
510 2315 578 2347 AETAS.

94 2385 114 2424 2.
137 2385 165 2424 lle
182 2392 277 2436 ternpore,
295 2396 333 2436 qno
349 2383 420 2423 uixerit
435 2389 468 2423 aut
487 2395 565 2423 errores
581 2395 628 2422 suos
644 2381 805 2421 disseminaverit
820 2381 890 2422 Valen-

40 2440 98 2490 tinus,
113 2441 180 2494 paullo
196 2441 262 2481 acrior·
277 2447 308 2480 est
322 2440 375 2484 inter·
391 2440 480 2480 eruditos
496 2439 612 2491 disputatio.
642 2438 740 2485 ballaeus,
756 2445 778 2478 ar
793 2438 890 2490 epistolas

39 2497 157 2548 Ignatianas⁷
172 2498 273 2539 Puritarris
289 2497 382 2537 orrrnibus
396 2497 557 2542 molestissimas,
574 2494 720 2547 suppositionis
733 2501 831 2546 argueret,
847 2508 891 2535 erc

39 2567 73 2594 sna
89 2555 196 2599 arbitratus
211 2554 336 2594 Valentinum
351 2553 451 2594 iuniorem
467 2553 542 2599 lacere,
562 2552 637 2591 nullum
655 2551 742 2603 lapidem
761 2564 803 2591 non
822 2553 890 2599 movit,

40 2617 60 2650 ut
73 2612 149 2663 lgnatio
164 2611 298 2663 posteriorem
312 2611 412 2662 probaret.
441 2610 517 2662 Nempe
533 2621 593 2660 quum
607 2608 629 2647 in
644 2608 729 2660 epistola
745 2609 769 2648 ad
778 2609 890 2661 Magnesia-

40 2680 75 2707 nos
90 2670 170 2710 rerbum
186 2668 222 2708 llei
238 2669 316 2708 dicatur
330 2662 413 2717 (lidron,
433 2661 472 2708 oda
491 2660 537 2707 drab
552 2665 614 2721 σιγῆς
627 2663 759 2723 προελθεῖν,
781 2674 890 2711 aeternnm,

38 2737 79 2765 non
93 2740 105 2766 u
120 2727 198 2767 silentio
212 2726 351 2778 propredr‘ens,
364 2724 396 2764 his
410 2723 477 2764 verbis
493 2721 549 2764 feriri
558 2721 699 2762 rultballaens
705 2722 889 2763 Valentinianorum

38 2778 109 2838 Σιγήν,
138 2783 198 2835 arqui
214 2782 261 2833 Siga
279 2783 338 2830 haec,
358 2781 433 2834 inquit⁷
454 2785 499 2821 ante
514 2779 584 2831 Ignatii
600 2780 717 2831 martyrium
732 2780 821 2820 nondum
836 2785 889 2820 nata.

38 2836 117 2881 Prdnrrs
133 2840 196 2888 enim,
209 2837 323 2889 ,lr¹enaeo⁵)
346 2845 410 2886 reste,
432 2840 456 2879 oh
477 2851 508 2885 cn,
530 2850 581 2889 aaron
600 2837 674 2877 dicitur
688 2840 779 2889 praescire
794 2837 888 2882 haeresis,

36 2929 242 2938 ψ

84 2975 99 3010 ll
111 2976 222 3018 Epithaer.
235 2977 286 3009 xxxi,
299 2974 315 3017 ς.
324 2975 339 3007 2.
387 2975 403 3014 2)
416 2975 482 3008 Tertull.
495 2975 514 3006 de
523 2983 592 3015 praescr.
604 2973 648 3005 haer·¹
661 2972 714 3015 capi
721 2978 735 3005 ct
745 2973 772 3005 30.
808 2973 824 3007 3l
838 2973 886 3005 Clam,

40 3017 81 3051 illex.
94 3022 152 3054 Suom.
165 3022 176 3055 l.
185 3023 217 3055 Vll.
236 3022 276 3055 Edit
290 3022 348 3054 Potior.
361 3032 397 3064 pagi
409 3020 448 3055 898.
494 3019 511 3060 4)
524 3020 565 3051 lien.
578 3020 590 3058 l¹
604 3018 630 3051 ll.
