1936 3304
80 213 122 256 ‘did
343 226 389 253 nnn.
404 225 501 254 missuum
517 226 648 254 DlSSEllTthO
664 226 687 253 lli

82 326 133 366 dicit
154 339 178 367 eu
199 326 225 366 iis
248 339 298 378 quae
319 326 400 379 scripsit
414 327 508 367 irenaeus
528 323 581 383 περὶ
594 321 694 382 Σάγκτου
709 322 747 368 καὶ
761 318 893 382 Blandiana,
915 328 938 368 de

84 384 158 425 Sancto
175 393 194 426 et
208 384 320 432 ditandum,
343 396 384 423 uon
406 384 486 436 quidem
506 385 567 424 verbo
589 385 613 424 ad
629 383 721 431 rerluun,
745 385 780 424 sed
796 383 937 434 corripendiuru

82 442 189 481 verborum
205 440 291 481 iaciens:
312 434 342 488 uie
366 436 391 480 da*
412 437 450 481 διὰ
465 438 564 494 βραχέων
578 437 730 494 παραθέσθαι
745 435 793 481 ibae
807 441 883 481 ταῦτα.
913 441 938 481 Et

83 511 154 538 revera
169 511 219 550 <puae
235 497 263 536 ihi
279 498 303 537 de
319 497 392 537 Sancto
408 503 428 537 et
442 498 539 538 Biandina
554 498 626 538 recitat
641 497 787 545 Oecunrenius,
806 497 831 537 ad
848 510 870 537 ea
886 510 937 549 qliae

61 581 63 584 s
84 555 105 594 in
121 557 179 595 citata
188 554 352 605 Lugdunensium
368 554 453 606 epistola
469 556 590 603 reseruntur,
606 555 655 595 satis
672 555 779 607 quadrant:
799 555 849 593 adeo
864 559 886 594 ut
901 554 938 594 ali-

83 613 137 652 unde
153 611 217 663 accipi
233 611 323 662 potuisse
339 624 380 650 raon
396 611 507 652 rideantur.

142 668 175 708 dl.
205 668 329 719 Explicatam
344 668 367 707 ah
383 668 466 709 irenaeo
482 668 563 709 ioannis
578 668 712 721 hprocalppsin
731 667 792 708 tradit
806 667 939 720 Hieronpnns

85 725 105 765 in
121 725 214 776 Catalogo
224 723 249 776 h:
268 725 338 772 eranc,
355 724 426 777 inquit,
442 726 707 778 haterpreteoturlaustenes
715 734 796 776 trenetur
806 733 825 766 et
833 724 938 765 irerieeus.

84 783 136 822 ilinc
158 787 226 821 tamen
248 782 315 833 colligi
337 794 398 833 posse
417 795 459 822 non
477 789 525 835 puto
547 782 636 833 integros
657 783 680 823 ab
696 783 779 823 irenaeo
795 781 860 821 editos
877 781 939 821 luisse

85 838 240 878 commentarios
262 838 283 878 in
302 839 448 890 npiocatypsm,
471 853 508 879 nec
527 852 550 880 ea
566 839 681 892 liieronpmi
701 852 758 879 ruens
777 838 840 878 luisse
855 838 939 878 videtur.

86 896 214 948 ilespiciehat
220 894 354 948 Hieronymus
369 897 394 935 ael
409 897 463 936 uaria
474 896 623 948 Apoocalppseos
639 897 689 944 loca,
706 909 757 949 <puae
769 896 790 935 in
799 895 841 935 suis
851 895 939 947 quinque

85 953 142 993 libris
158 953 244 1004 explieat
258 953 359 1000 irenaeus,
376 960 396 992 et
410 954 528 1004 praesertim
545 953 565 992 in
581 953 657 1005 (priato,
674 954 711 993 sub
726 953 852 994 cuiuslinem
863 952 939 992 demil-

84 1010 161 1049 lenario
178 1009 252 1050 Christi
267 1021 329 1060 regno
353 1017 373 1049 et
392 1010 417 1049 de
432 1010 555 1050 Antichristo
575 1010 689 1058 disserens,
710 1010 765 1063 plura
788 1008 840 1049 sacri
855 1009 940 1049 huiusce

85 1066 132 1106 libri
153 1066 269 1107 testimonia
285 1066 438 1119 interpretatur,
459 1068 518 1107 etad
539 1067 652 1107 institutum
667 1067 812 1107 accommodat.
847 1066 939 1113 Quidam,

85 1123 157 1163 Photio
181 1129 242 1170 teste,
266 1123 349 1163 Irenaeo
369 1124 511 1164 adscribebant
526 1124 598 1164 rituum
615 1124 646 1164 cui
662 1124 732 1164 titulus
748 1125 771 1164 do
789 1123 887 1163 Uaciocrso
904 1136 940 1163 seu

86 1181 109 1220 de
126 1180 245 1222 Substantia
259 1178 360 1231 oatrutth.
391 1181 430 1221 Sed
438 1181 481 1222 Caii
496 1181 609 1233 preshpteri
625 1181 702 1221 rornani
718 1187 738 1221 et
750 1180 828 1220 irenaei
845 1179 939 1232 discipuli

86 1250 137 1289 opus
157 1250 202 1277 esse
220 1237 350 1277 verisimilius
370 1243 406 1277 est.
441 1238 470 1278 Dc
489 1238 534 1278 aliis
551 1251 601 1290 quae
617 1239 641 1277 acl
657 1238 732 1278 calcem
747 1237 846 1277 edidimus
862 1237 939 1276 irenaei

86 1295 204 1345 l'ragrnentis
220 1294 301 1346 proprio
317 1295 362 1333 ioco
378 1294 471 1334 diximus.
500 1295 555 1335 llaec
571 1300 617 1334 srmt
633 1308 684 1346 quae
699 1297 723 1335 de
740 1294 789 1334 tanti
804 1293 841 1333 viri
857 1293 939 1345 scriptis

86 1350 172 1391 dicenda
187 1351 245 1390 nohis
261 1357 324 1391 eraut.
354 1351 396 1391 iam
415 1352 439 1392 de
458 1351 518 1392 variis
535 1352 637 1392 doetrinae
653 1351 696 1392 eius
712 1351 811 1405 capitibus
827 1363 893 1390 sermo
909 1351 939 1390 in-

85 1408 199 1448 stituendus
215 1412 251 1448 est.

320 1632 550 1680 ulsstnrnrto
577 1633 706 1681 llilillh.

396 1727 422 1759 ou
437 1727 517 1760 ianuam
529 1728 636 1762 oocrarnn.

147 1806 166 1845 1.
197 1806 264 1845 Solius
280 1806 369 1858 supremi
385 1805 474 1845 irrirninis
490 1811 521 1846 est
536 1820 573 1847 nec
588 1808 636 1852 falli,
653 1821 689 1847 uec
705 1807 852 1859 tallereposse:
867 1810 941 1845 morta-

88 1863 137 1902 lium
153 1862 248 1910 oninium,
264 1862 304 1902 nisi
319 1862 416 1913 singulari
431 1863 466 1902 ilci
481 1864 586 1911 lreneficio,
602 1865 651 1904 solis
667 1864 799 1917 scriptoribus
815 1862 879 1903 sacris
894 1874 941 1901 con-

88 1932 157 1966 cesso,
179 1919 300 1967 eximantur,
324 1932 345 1959 ea
362 1925 393 1959 est
409 1932 452 1959 sors
469 1926 488 1960 et
504 1921 603 1969 conditio,
627 1927 648 1961 ut
664 1934 698 1961 eos
715 1934 725 1961 a
740 1934 786 1961 vero
802 1919 871 1960 decios
887 1931 943 1958 error

88 1977 190 2016 interdum
212 1977 306 2028 decipiat.
344 1976 425 2016 Nullum
444 1976 505 2028 igitur
524 1990 574 2030 opus
595 1978 645 2018 adeo
661 1979 790 2029 castigatum,
813 1976 942 2027 numerisque

89 2034 181 2073 onrnihus
197 2033 317 2081 ahsolutum,
334 2033 382 2085 quin
397 2034 465 2073 uaeris
474 2034 734 2087 quibusdaminspergatur,
751 2034 842 2086 pluribus
851 2037 942 2084 autpau-

89 2090 189 2137 ciorihus,
205 2090 356 2142 nemoribusque
371 2091 401 2130 rei
417 2090 539 2140 remonitus,
559 2105 596 2144 pro
612 2093 683 2132 maiori
699 2099 733 2133 aut
748 2091 821 2131 minori
837 2088 942 2142 scriptoris

89 2146 193 2199 diligentia
209 2152 229 2186 ct
244 2147 363 2187 eruditione.
393 2148 467 2188 Neutra
487 2149 568 2200 quidem
583 2150 666 2189 irenaeo
682 2150 754 2189 deluit:
775 2148 802 2188 ita
820 2153 888 2187 tamen
903 2145 942 2185 sihi

89 2217 169 2256 semper
184 2216 225 2243 non
236 2201 293 2251 cavit,
305 2204 441 2256 utaliquando
449 2217 489 2244 non
498 2207 610 2253 oilerrderit,
622 2207 656 2246 sed
665 2205 864 2258 plerumquelerius:
878 2203 942 2243 sicubi

88 2274 135 2301 iero
151 2261 218 2312 paulic
232 2261 317 2311 gravius,
334 2273 357 2300 eo
372 2262 435 2311 arrigis
451 2274 508 2301 error
523 2263 677 2311 condonamlus,
694 2275 733 2315 quo
748 2262 838 2301 nondum
853 2260 902 2300 satis
918 2260 942 2298 ad

88 2317 186 2370 liquidum
202 2317 310 2369 exploratis
325 2317 385 2357 certis
401 2318 520 2369 quibusdam
536 2319 642 2359 doctrinae·
656 2320 778 2359 christianae
791 2318 896 2370 capitibus,
911 2316 944 2355 vix

88 2375 132 2414 fieri
148 2379 232 2426 poterat,
248 2380 269 2413 nt
285 2374 424 2414 attentioribus
441 2375 500 2414 etiam
516 2376 588 2415 animis
604 2377 687 2416 uelurlas
703 2376 943 2425 uonoliiruderentprae-

90 2437 199 2483 conceptae
216 2432 313 2484 quaedam
329 2444 352 2471 ac
367 2444 483 2472 conumures
499 2433 588 2485 priorum
601 2434 726 2473 saeculorum
735 2433 848 2485 opiniones
863 2431 943 2471 Utvero

89 2489 214 2529 excusandus
230 2501 270 2527 non
286 2494 317 2528 est
331 2489 432 2535 irenaeus,
448 2490 482 2529 uhi
498 2491 566 2542 lapsus
583 2497 624 2539 estss,
641 2491 670 2530 sic
686 2504 723 2531 nec
739 2499 812 2530 temere
825 2488 943 2540 culpandus,

88 2546 124 2585 uhi
140 2546 197 2597 culpa
213 2550 275 2593 vacat,
291 2558 329 2584 nec
344 2546 408 2585 aliena
420 2546 438 2585 ci
448 2548 560 2598 attingenda
570 2548 661 2599 dogmata
671 2561 720 2600 quae
731 2547 815 2599 respuit.
832 2546 883 2586 Stant
891 2544 943 2583 enim

89 2603 188 2650 homines,
205 2602 277 2655 quibus
293 2603 359 2642 onmia
376 2610 479 2643 auctorum
495 2604 547 2644 dicta
563 2606 675 2645 excusanda
690 2605 792 2645 ridentur:
814 2610 861 2643 sunt
876 2607 895 2641 et
910 2600 944 2640 alii

90 2659 124 2712 qui
140 2659 213 2698 inlesto
230 2659 288 2698 dente
305 2665 389 2711 carpunt
404 2660 501 2712 quidquid
516 2662 582 2701 minus
598 2662 722 2713 intelligunt:
746 2667 793 2701 sunt
808 2660 842 2699 alii
858 2657 944 2709 denique

90 2716 124 2768 qui
140 2717 192 2767 apud
207 2722 284 2755 veteres
300 2717 398 2756 ecclesiae
414 2723 481 2769 patres
497 2718 564 2759 ridere
580 2731 602 2758 se
616 2724 692 2770 latitant,
709 2718 762 2770 quod
776 2718 844 2757 videre
855 2715 943 2767 cupiunt,

89 2778 112 2812 ut
127 2773 202 2813 erroris
218 2778 322 2813 consortes
338 2773 431 2813 habeant.
460 2774 490 2814 Ne
506 2775 530 2814 ad
541 2775 864 2828 cosdemseopulesappellamus,
879 2771 944 2811 visum

91 2834 122 2870 cst
140 2828 248 2881 praecipua
268 2842 358 2882 quaeque
374 2830 477 2871 doctrinae
492 2831 569 2871 irenaei
586 2833 657 2884 capita,
674 2845 732 2885 [quarn
747 2831 835 2871 lueriter
849 2829 893 2869 lieri
908 2840 941 2880 po-

91 2886 143 2930 terit,
159 2898 286 2938 percurrereq
302 2887 354 2926 etsi
370 2887 417 2938 quid
433 2888 501 2939 lapsus
518 2894 554 2935 est,
570 2889 590 2928 id
599 2890 705 2938 adnotare,
722 2890 738 2929 si
748 2888 849 2940 quidvcro
859 2886 945 2927 aliemun

92 2943 204 2993 adtingitur,
220 2943 241 2982 id
257 2942 281 2982 oh
297 2955 320 2983 eo
337 2944 444 2996 depellere.

97 3025 294 3033 ..ἡ-,υ-

139 3065 231 3106 truie-011,
245 3069 260 3100 in
274 3068 324 3101 Calai.
338 3079 351 3101 e.
367 3068 392 3101 19.
440 3068 457 3109 2)
469 3070 514 3103 Phot
528 3071 563 3103 cod.
577 3070 603 3103 48.
