<?xml version="1.0" encoding="UTF-8"?>
<!DOCTYPE html PUBLIC "-//W3C//DTD XHTML 1.0 Transitional//EN"
    "http://www.w3.org/TR/xhtml1/DTD/xhtml1-transitional.dtd">
<html xmlns="http://www.w3.org/1999/xhtml" xml:lang="en" lang="en">
 <head>
  <title>
</title>
<meta http-equiv="Content-Type" content="text/html;charset=utf-8" />
  <meta name='ocr-system' content='tesseract 3.04.00' />
  <meta name='ocr-capabilities' content='ocr_page ocr_carea ocr_par ocr_line ocrx_word'/>
</head>
<body>
  <div class='ocr_page' id='page_1' title='image "./MN41654ucmf_1_0036.png"; bbox 0 0 1936 3304; ppageno 0'>
   <div class='ocr_carea' id='block_1_1' title="bbox 91 235 651 273">
    <p class='ocr_par' dir='ltr' id='par_1_1' title="bbox 91 235 651 273">
     <span class='ocr_line' id='line_1_1' title="bbox 91 235 651 273; baseline -0.004 0"><span class='ocrx_word' id='word_1_1' title='bbox 91 235 103 273; x_wconf 78' lang='lat' dir='ltr'>l</span> <span class='ocrx_word' id='word_1_2' title='bbox 386 243 494 271; x_wconf 78' lang='lat' dir='ltr'>rnaurario</span> <span class='ocrx_word' id='word_1_3' title='bbox 513 242 556 270; x_wconf 50' lang='lat' dir='ltr'>aas,</span> <span class='ocrx_word' id='word_1_4' title='bbox 572 243 651 271; x_wconf 73' lang='lat' dir='ltr'>aursni.</span> 
     </span>
    </p>
   </div>
   <div class='ocr_carea' id='block_1_2' title="bbox 91 342 965 3124">
    <p class='ocr_par' dir='ltr' id='par_1_2' title="bbox 91 342 965 3124">
     <span class='ocr_line' id='line_1_2' title="bbox 91 342 942 397; baseline 0 -14"><span class='ocrx_word' id='word_1_5' title='bbox 91 358 129 397; x_wconf 88' lang='lat' dir='ltr'>que</span> <span class='ocrx_word' id='word_1_6' title='bbox 145 344 265 397; x_wconf 70' lang='lat' dir='ltr'>eloquentia.</span> <span class='ocrx_word' id='word_1_7' title='bbox 295 342 400 384; x_wconf 86' lang='lat' dir='ltr'>dmbiebat</span> <span class='ocrx_word' id='word_1_8' title='bbox 418 342 510 395; x_wconf 87' lang='lat' dir='ltr'>episcopi</span> <span class='ocrx_word' id='word_1_9' title='bbox 526 342 653 394; x_wconf 75' lang='lat' dir='ltr'>dignitatem,</span> <span class='ocrx_word' id='word_1_10' title='bbox 674 342 710 383; x_wconf 81' lang='lat' dir='ltr'>setl</span> <span class='ocrx_word' id='word_1_11' title='bbox 725 343 806 395; x_wconf 82' lang='lat' dir='ltr'>indigne</span> <span class='ocrx_word' id='word_1_12' title='bbox 821 344 888 383; x_wconf 84' lang='lat' dir='ltr'>ferens</span> <span class='ocrx_word' id='word_1_13' title='bbox 903 342 942 383; x_wconf 90' lang='lat' dir='ltr'>sibi</span> 
     </span>
     <span class='ocr_line' id='line_1_3' title="bbox 91 400 942 454; baseline 0 -14"><span class='ocrx_word' id='word_1_14' title='bbox 91 402 202 454; x_wconf 88' lang='lat' dir='ltr'>praelatum</span> <span class='ocrx_word' id='word_1_15' title='bbox 217 402 284 449; x_wconf 89' lang='lat' dir='ltr'>alium,</span> <span class='ocrx_word' id='word_1_16' title='bbox 301 401 334 453; x_wconf 91' lang='lat' dir='ltr'>qui</span> <span class='ocrx_word' id='word_1_17' title='bbox 349 400 370 439; x_wconf 94' lang='lat' dir='ltr'>in</span> <span class='ocrx_word' id='word_1_18' title='bbox 385 400 491 440; x_wconf 91' lang='lat' dir='ltr'>tormentis</span> <span class='ocrx_word' id='word_1_19' title='bbox 507 401 612 440; x_wconf 75' lang='lat' dir='ltr'>confessus</span> <span class='ocrx_word' id='word_1_20' title='bbox 627 400 666 440; x_wconf 86' lang='lat' dir='ltr'>luit</span> <span class='ocrx_word' id='word_1_21' title='bbox 679 400 847 449; x_wconf 79' lang='lat' dir='ltr'>nomcnllomini,</span> <span class='ocrx_word' id='word_1_22' title='bbox 864 401 888 440; x_wconf 87' lang='lat' dir='ltr'>ad</span> <span class='ocrx_word' id='word_1_23' title='bbox 900 406 942 440; x_wconf 89' lang='lat' dir='ltr'>tur-</span> 
     </span>
     <span class='ocr_line' id='line_1_4' title="bbox 92 456 941 507; baseline -0.002 -8"><span class='ocrx_word' id='word_1_24' title='bbox 92 460 177 499; x_wconf 89' lang='lat' dir='ltr'>bandam</span> <span class='ocrx_word' id='word_1_25' title='bbox 198 459 304 499; x_wconf 86' lang='lat' dir='ltr'>ecclesiam</span> <span class='ocrx_word' id='word_1_26' title='bbox 326 456 386 497; x_wconf 80' lang='lat' dir='ltr'>uertit</span> <span class='ocrx_word' id='word_1_27' title='bbox 404 457 520 507; x_wconf 74' lang='lat' dir='ltr'>ingenium,</span> <span class='ocrx_word' id='word_1_28' title='bbox 542 461 605 496; x_wconf 88' lang='lat' dir='ltr'>totam</span> <span class='ocrx_word' id='word_1_29' title='bbox 627 457 739 497; x_wconf 80' lang='lat' dir='ltr'>doctrinam</span> <span class='ocrx_word' id='word_1_30' title='bbox 764 457 894 497; x_wconf 78' lang='lat' dir='ltr'>christianam</span> <span class='ocrx_word' id='word_1_31' title='bbox 918 458 941 498; x_wconf 90' lang='lat' dir='ltr'>ad</span> 
     </span>
     <span class='ocr_line' id='line_1_5' title="bbox 92 514 942 566; baseline -0.002 -10"><span class='ocrx_word' id='word_1_32' title='bbox 92 517 187 556; x_wconf 82' lang='lat' dir='ltr'>corrtictas</span> <span class='ocrx_word' id='word_1_33' title='bbox 202 529 261 555; x_wconf 86' lang='lat' dir='ltr'>voces</span> <span class='ocrx_word' id='word_1_34' title='bbox 278 522 297 554; x_wconf 88' lang='lat' dir='ltr'>et</span> <span class='ocrx_word' id='word_1_35' title='bbox 311 514 417 565; x_wconf 81' lang='lat' dir='ltr'>perplexas</span> <span class='ocrx_word' id='word_1_36' title='bbox 436 514 513 553; x_wconf 82' lang='lat' dir='ltr'>tabulas</span> <span class='ocrx_word' id='word_1_37' title='bbox 528 514 655 565; x_wconf 83' lang='lat' dir='ltr'>pertrahens.</span> <span class='ocrx_word' id='word_1_38' title='bbox 684 514 748 554; x_wconf 90' lang='lat' dir='ltr'>Huius</span> <span class='ocrx_word' id='word_1_39' title='bbox 769 514 837 566; x_wconf 85' lang='lat' dir='ltr'>impiis</span> <span class='ocrx_word' id='word_1_40' title='bbox 856 514 942 554; x_wconf 90' lang='lat' dir='ltr'>inventis</span> 
     </span>
     <span class='ocr_line' id='line_1_6' title="bbox 92 570 942 618; baseline -0.002 -5"><span class='ocrx_word' id='word_1_41' title='bbox 92 574 184 614; x_wconf 88' lang='lat' dir='ltr'>nonnihil</span> <span class='ocrx_word' id='word_1_42' title='bbox 204 572 322 612; x_wconf 87' lang='lat' dir='ltr'>addiderunt</span> <span class='ocrx_word' id='word_1_43' title='bbox 337 570 463 610; x_wconf 76' lang='lat' dir='ltr'>Ptolemaeus</span> <span class='ocrx_word' id='word_1_44' title='bbox 483 576 503 610; x_wconf 86' lang='lat' dir='ltr'>et</span> <span class='ocrx_word' id='word_1_45' title='bbox 522 570 640 618; x_wconf 89' lang='lat' dir='ltr'>Secundus,</span> <span class='ocrx_word' id='word_1_46' title='bbox 664 576 722 610; x_wconf 85' lang='lat' dir='ltr'>aticto</span> <span class='ocrx_word' id='word_1_47' title='bbox 741 570 835 611; x_wconf 86' lang='lat' dir='ltr'>videlicet</span> <span class='ocrx_word' id='word_1_48' title='bbox 853 573 942 611; x_wconf 73' lang='lat' dir='ltr'>aleonum</span> 
     </span>
     <span class='ocr_line' id='line_1_7' title="bbox 92 627 943 679; baseline -0.002 -9"><span class='ocrx_word' id='word_1_49' title='bbox 92 643 186 677; x_wconf 91' lang='lat' dir='ltr'>numero,</span> <span class='ocrx_word' id='word_1_50' title='bbox 211 630 240 668; x_wconf 89' lang='lat' dir='ltr'>sic</span> <span class='ocrx_word' id='word_1_51' title='bbox 259 634 326 668; x_wconf 90' lang='lat' dir='ltr'>tamen</span> <span class='ocrx_word' id='word_1_52' title='bbox 345 634 367 667; x_wconf 88' lang='lat' dir='ltr'>ut</span> <span class='ocrx_word' id='word_1_53' title='bbox 386 628 407 667; x_wconf 89' lang='lat' dir='ltr'>in</span> <span class='ocrx_word' id='word_1_54' title='bbox 423 628 541 679; x_wconf 89' lang='lat' dir='ltr'>quibusdam</span> <span class='ocrx_word' id='word_1_55' title='bbox 561 628 585 667; x_wconf 86' lang='lat' dir='ltr'>ab</span> <span class='ocrx_word' id='word_1_56' title='bbox 601 641 625 667; x_wconf 88' lang='lat' dir='ltr'>eo</span> <span class='ocrx_word' id='word_1_57' title='bbox 641 627 778 668; x_wconf 88' lang='lat' dir='ltr'>dissentirent.</span> <span class='ocrx_word' id='word_1_58' title='bbox 807 629 883 668; x_wconf 78' lang='lat' dir='ltr'>Eatlem</span> <span class='ocrx_word' id='word_1_59' title='bbox 898 641 943 668; x_wconf 91' lang='lat' dir='ltr'>cum</span> 
     </span>
     <span class='ocr_line' id='line_1_8' title="bbox 92 684 944 737; baseline -0.002 -11"><span class='ocrx_word' id='word_1_60' title='bbox 92 686 195 727; x_wconf 72' lang='lat' dir='ltr'>Valentino</span> <span class='ocrx_word' id='word_1_61' title='bbox 212 685 280 725; x_wconf 88' lang='lat' dir='ltr'>docuit</span> <span class='ocrx_word' id='word_1_62' title='bbox 294 685 419 731; x_wconf 87' lang='lat' dir='ltr'>lleracleon,</span> <span class='ocrx_word' id='word_1_63' title='bbox 444 685 478 724; x_wconf 89' lang='lat' dir='ltr'>sed</span> <span class='ocrx_word' id='word_1_64' title='bbox 498 684 585 724; x_wconf 85' lang='lat' dir='ltr'>novitate</span> <span class='ocrx_word' id='word_1_65' title='bbox 604 684 773 737; x_wconf 89' lang='lat' dir='ltr'>pronuntiationis</span> <span class='ocrx_word' id='word_1_66' title='bbox 788 684 851 725; x_wconf 83' lang='lat' dir='ltr'>rideri</span> <span class='ocrx_word' id='word_1_67' title='bbox 867 685 944 725; x_wconf 89' lang='lat' dir='ltr'>studuit</span> 
     </span>
     <span class='ocr_line' id='line_1_9' title="bbox 92 741 942 794; baseline -0.001 -11"><span class='ocrx_word' id='word_1_68' title='bbox 92 744 170 784; x_wconf 78' lang='lat' dir='ltr'>diuersa</span> <span class='ocrx_word' id='word_1_69' title='bbox 187 743 271 782; x_wconf 89' lang='lat' dir='ltr'>tradere.</span> <span class='ocrx_word' id='word_1_70' title='bbox 301 742 350 781; x_wconf 84' lang='lat' dir='ltr'>Post</span> <span class='ocrx_word' id='word_1_71' title='bbox 364 742 417 781; x_wconf 81' lang='lat' dir='ltr'>liunc</span> <span class='ocrx_word' id='word_1_72' title='bbox 432 742 509 781; x_wconf 81' lang='lat' dir='ltr'>biamus</span> <span class='ocrx_word' id='word_1_73' title='bbox 525 746 545 780; x_wconf 91' lang='lat' dir='ltr'>et</span> <span class='ocrx_word' id='word_1_74' title='bbox 561 741 693 789; x_wconf 77' lang='lat' dir='ltr'>Colarbasus,</span> <span class='ocrx_word' id='word_1_75' title='bbox 710 741 786 794; x_wconf 77' lang='lat' dir='ltr'>alioqui</span> <span class='ocrx_word' id='word_1_76' title='bbox 801 754 841 781; x_wconf 90' lang='lat' dir='ltr'>non</span> <span class='ocrx_word' id='word_1_77' title='bbox 857 742 942 792; x_wconf 80' lang='lat' dir='ltr'>degene-</span> 
     </span>
     <span class='ocr_line' id='line_1_10' title="bbox 93 798 943 851; baseline -0.005 -10"><span class='ocrx_word' id='word_1_78' title='bbox 93 807 160 840; x_wconf 87' lang='lat' dir='ltr'>rantes</span> <span class='ocrx_word' id='word_1_79' title='bbox 176 813 186 839; x_wconf 91' lang='lat' dir='ltr'>a</span> <span class='ocrx_word' id='word_1_80' title='bbox 201 799 311 845; x_wconf 76' lang='lat' dir='ltr'>Valentino,</span> <span class='ocrx_word' id='word_1_81' title='bbox 328 810 370 837; x_wconf 90' lang='lat' dir='ltr'>rem</span> <span class='ocrx_word' id='word_1_82' title='bbox 386 798 436 837; x_wconf 90' lang='lat' dir='ltr'>mire</span> <span class='ocrx_word' id='word_1_83' title='bbox 450 798 556 838; x_wconf 79' lang='lat' dir='ltr'>ridiculam</span> <span class='ocrx_word' id='word_1_84' title='bbox 571 798 679 839; x_wconf 81' lang='lat' dir='ltr'>corrnnenti</span> <span class='ocrx_word' id='word_1_85' title='bbox 695 804 747 846; x_wconf 84' lang='lat' dir='ltr'>suot,</span> <span class='ocrx_word' id='word_1_86' title='bbox 765 799 831 838; x_wconf 82' lang='lat' dir='ltr'>ornrtia</span> <span class='ocrx_word' id='word_1_87' title='bbox 846 798 893 838; x_wconf 87' lang='lat' dir='ltr'>fidei</span> <span class='ocrx_word' id='word_1_88' title='bbox 901 812 943 851; x_wconf 73' lang='lat' dir='ltr'>mp-</span> 
     </span>
     <span class='ocr_line' id='line_1_11' title="bbox 93 855 942 907; baseline -0.004 -9"><span class='ocrx_word' id='word_1_89' title='bbox 93 857 153 898; x_wconf 86' lang='lat' dir='ltr'>steria</span> <span class='ocrx_word' id='word_1_90' title='bbox 170 856 194 896; x_wconf 84' lang='lat' dir='ltr'>atl</span> <span class='ocrx_word' id='word_1_91' title='bbox 214 867 306 906; x_wconf 75' lang='lat' dir='ltr'>graecum</span> <span class='ocrx_word' id='word_1_92' title='bbox 321 855 449 906; x_wconf 79' lang='lat' dir='ltr'>alphabetum</span> <span class='ocrx_word' id='word_1_93' title='bbox 465 855 609 907; x_wconf 85' lang='lat' dir='ltr'>pertrahentes.</span> <span class='ocrx_word' id='word_1_94' title='bbox 639 855 741 895; x_wconf 85' lang='lat' dir='ltr'>Successit</span> <span class='ocrx_word' id='word_1_95' title='bbox 759 855 791 895; x_wconf 88' lang='lat' dir='ltr'>bis</span> <span class='ocrx_word' id='word_1_96' title='bbox 812 856 890 896; x_wconf 85' lang='lat' dir='ltr'>Cerdon</span> <span class='ocrx_word' id='word_1_97' title='bbox 905 856 942 895; x_wconf 94' lang='lat' dir='ltr'>im-</span> 
     </span>
     <span class='ocr_line' id='line_1_12' title="bbox 93 911 941 966; baseline 0 -14"><span class='ocrx_word' id='word_1_98' title='bbox 93 915 188 966; x_wconf 90' lang='lat' dir='ltr'>pietatum</span> <span class='ocrx_word' id='word_1_99' title='bbox 203 913 279 952; x_wconf 86' lang='lat' dir='ltr'>lernam</span> <span class='ocrx_word' id='word_1_100' title='bbox 295 924 363 951; x_wconf 88' lang='lat' dir='ltr'>secum</span> <span class='ocrx_word' id='word_1_101' title='bbox 378 912 466 951; x_wconf 89' lang='lat' dir='ltr'>trahens.</span> <span class='ocrx_word' id='word_1_102' title='bbox 495 912 549 951; x_wconf 83' lang='lat' dir='ltr'>Duos</span> <span class='ocrx_word' id='word_1_103' title='bbox 565 911 678 952; x_wconf 78' lang='lat' dir='ltr'>eninrlleos</span> <span class='ocrx_word' id='word_1_104' title='bbox 691 912 753 960; x_wconf 81' lang='lat' dir='ltr'>finxit,</span> <span class='ocrx_word' id='word_1_105' title='bbox 769 912 941 959; x_wconf 82' lang='lat' dir='ltr'>alterumbonum,</span> 
     </span>
     <span class='ocr_line' id='line_1_13' title="bbox 93 969 942 1021; baseline -0.002 -11"><span class='ocrx_word' id='word_1_106' title='bbox 93 972 176 1011; x_wconf 84' lang='lat' dir='ltr'>alterurn</span> <span class='ocrx_word' id='word_1_107' title='bbox 192 982 278 1016; x_wconf 79' lang='lat' dir='ltr'>sacrum,</span> <span class='ocrx_word' id='word_1_108' title='bbox 294 981 305 1007; x_wconf 93' lang='lat' dir='ltr'>a</span> <span class='ocrx_word' id='word_1_109' title='bbox 320 981 379 1007; x_wconf 85' lang='lat' dir='ltr'>saera</span> <span class='ocrx_word' id='word_1_110' title='bbox 395 969 490 1008; x_wconf 85' lang='lat' dir='ltr'>mumlum</span> <span class='ocrx_word' id='word_1_111' title='bbox 506 974 600 1008; x_wconf 88' lang='lat' dir='ltr'>creatum.</span> <span class='ocrx_word' id='word_1_112' title='bbox 630 969 704 1019; x_wconf 82' lang='lat' dir='ltr'>Legem</span> <span class='ocrx_word' id='word_1_113' title='bbox 715 969 942 1021; x_wconf 69' lang='lat' dir='ltr'>intotumuepmliabat,</span> 
     </span>
     <span class='ocr_line' id='line_1_14' title="bbox 93 1025 942 1078; baseline -0.001 -11"><span class='ocrx_word' id='word_1_114' title='bbox 93 1029 157 1067; x_wconf 88' lang='lat' dir='ltr'>solum</span> <span class='ocrx_word' id='word_1_115' title='bbox 178 1026 301 1077; x_wconf 77' lang='lat' dir='ltr'>evangelium</span> <span class='ocrx_word' id='word_1_116' title='bbox 316 1026 392 1073; x_wconf 88' lang='lat' dir='ltr'>Lucae,</span> <span class='ocrx_word' id='word_1_117' title='bbox 416 1038 454 1064; x_wconf 91' lang='lat' dir='ltr'>nec</span> <span class='ocrx_word' id='word_1_118' title='bbox 469 1025 489 1063; x_wconf 92' lang='lat' dir='ltr'>id</span> <span class='ocrx_word' id='word_1_119' title='bbox 505 1031 568 1064; x_wconf 89' lang='lat' dir='ltr'>totum</span> <span class='ocrx_word' id='word_1_120' title='bbox 584 1025 705 1078; x_wconf 73' lang='lat' dir='ltr'>recipiebat:</span> <span class='ocrx_word' id='word_1_121' title='bbox 726 1026 812 1078; x_wconf 89' lang='lat' dir='ltr'>apostoli</span> <span class='ocrx_word' id='word_1_122' title='bbox 827 1026 883 1066; x_wconf 90' lang='lat' dir='ltr'>Pauli</span> <span class='ocrx_word' id='word_1_123' title='bbox 899 1027 942 1078; x_wconf 87' lang='lat' dir='ltr'>epi-</span> 
     </span>
     <span class='ocr_line' id='line_1_15' title="bbox 93 1082 941 1135; baseline -0.001 -11"><span class='ocrx_word' id='word_1_124' title='bbox 93 1085 155 1124; x_wconf 86' lang='lat' dir='ltr'>stolas</span> <span class='ocrx_word' id='word_1_125' title='bbox 170 1096 208 1123; x_wconf 88' lang='lat' dir='ltr'>nec</span> <span class='ocrx_word' id='word_1_126' title='bbox 223 1095 293 1122; x_wconf 87' lang='lat' dir='ltr'>omnes</span> <span class='ocrx_word' id='word_1_127' title='bbox 308 1094 346 1122; x_wconf 92' lang='lat' dir='ltr'>nec</span> <span class='ocrx_word' id='word_1_128' title='bbox 360 1088 412 1122; x_wconf 86' lang='lat' dir='ltr'>totas</span> <span class='ocrx_word' id='word_1_129' title='bbox 427 1082 531 1133; x_wconf 75' lang='lat' dir='ltr'>probabat.</span> <span class='ocrx_word' id='word_1_130' title='bbox 561 1082 610 1122; x_wconf 81' lang='lat' dir='ltr'>dcta</span> <span class='ocrx_word' id='word_1_131' title='bbox 625 1083 762 1134; x_wconf 85' lang='lat' dir='ltr'>apostolorum</span> <span class='ocrx_word' id='word_1_132' title='bbox 777 1089 797 1122; x_wconf 90' lang='lat' dir='ltr'>et</span> <span class='ocrx_word' id='word_1_133' title='bbox 808 1083 941 1135; x_wconf 74' lang='lat' dir='ltr'>Apocalypsin</span> 
     </span>
     <span class='ocr_line' id='line_1_16' title="bbox 94 1139 942 1191; baseline 0 -11"><span class='ocrx_word' id='word_1_134' title='bbox 94 1147 114 1180; x_wconf 92' lang='lat' dir='ltr'>ut</span> <span class='ocrx_word' id='word_1_135' title='bbox 133 1141 184 1181; x_wconf 82' lang='lat' dir='ltr'>falsa</span> <span class='ocrx_word' id='word_1_136' title='bbox 202 1140 310 1187; x_wconf 82' lang='lat' dir='ltr'>reiiciens,</span> <span class='ocrx_word' id='word_1_137' title='bbox 334 1140 419 1178; x_wconf 87' lang='lat' dir='ltr'>docebat</span> <span class='ocrx_word' id='word_1_138' title='bbox 438 1139 538 1179; x_wconf 82' lang='lat' dir='ltr'>Christum</span> <span class='ocrx_word' id='word_1_139' title='bbox 560 1139 607 1178; x_wconf 88' lang='lat' dir='ltr'>boui</span> <span class='ocrx_word' id='word_1_140' title='bbox 623 1139 659 1179; x_wconf 86' lang='lat' dir='ltr'>Dei</span> <span class='ocrx_word' id='word_1_141' title='bbox 677 1139 739 1179; x_wconf 84' lang='lat' dir='ltr'>tilium</span> <span class='ocrx_word' id='word_1_142' title='bbox 761 1140 781 1179; x_wconf 93' lang='lat' dir='ltr'>in</span> <span class='ocrx_word' id='word_1_143' title='bbox 803 1140 942 1191; x_wconf 82' lang='lat' dir='ltr'>phantasmate</span> 
     </span>
     <span class='ocr_line' id='line_1_17' title="bbox 94 1197 942 1247; baseline -0.001 -10"><span class='ocrx_word' id='word_1_144' title='bbox 94 1204 170 1238; x_wconf 88' lang='lat' dir='ltr'>tantnm</span> <span class='ocrx_word' id='word_1_145' title='bbox 185 1197 271 1243; x_wconf 86' lang='lat' dir='ltr'>venisse,</span> <span class='ocrx_word' id='word_1_146' title='bbox 287 1207 325 1236; x_wconf 78' lang='lat' dir='ltr'>aroc</span> <span class='ocrx_word' id='word_1_147' title='bbox 338 1209 385 1236; x_wconf 84' lang='lat' dir='ltr'>vere</span> <span class='ocrx_word' id='word_1_148' title='bbox 400 1208 487 1247; x_wconf 89' lang='lat' dir='ltr'>passum,</span> <span class='ocrx_word' id='word_1_149' title='bbox 504 1207 541 1235; x_wconf 93' lang='lat' dir='ltr'>nec</span> <span class='ocrx_word' id='word_1_150' title='bbox 555 1208 601 1235; x_wconf 86' lang='lat' dir='ltr'>rere</span> <span class='ocrx_word' id='word_1_151' title='bbox 616 1200 697 1245; x_wconf 77' lang='lat' dir='ltr'>natum3</span> <span class='ocrx_word' id='word_1_152' title='bbox 715 1197 884 1236; x_wconf 89' lang='lat' dir='ltr'>resurrectionem</span> <span class='ocrx_word' id='word_1_153' title='bbox 900 1198 942 1236; x_wconf 90' lang='lat' dir='ltr'>ani-</span> 
     </span>
     <span class='ocr_line' id='line_1_18' title="bbox 93 1252 941 1306; baseline -0.001 -12"><span class='ocrx_word' id='word_1_154' title='bbox 93 1268 137 1295; x_wconf 88' lang='lat' dir='ltr'>mae</span> <span class='ocrx_word' id='word_1_155' title='bbox 152 1254 246 1306; x_wconf 82' lang='lat' dir='ltr'>probans,</span> <span class='ocrx_word' id='word_1_156' title='bbox 263 1254 329 1293; x_wconf 88' lang='lat' dir='ltr'>carnis</span> <span class='ocrx_word' id='word_1_157' title='bbox 344 1264 426 1303; x_wconf 78' lang='lat' dir='ltr'>negans,</span> <span class='ocrx_word' id='word_1_158' title='bbox 456 1252 493 1292; x_wconf 90' lang='lat' dir='ltr'>Hic</span> <span class='ocrx_word' id='word_1_159' title='bbox 512 1253 557 1291; x_wconf 90' lang='lat' dir='ltr'>dum</span> <span class='ocrx_word' id='word_1_160' title='bbox 577 1252 684 1304; x_wconf 89' lang='lat' dir='ltr'>aliquando</span> <span class='ocrx_word' id='word_1_161' title='bbox 704 1254 833 1294; x_wconf 85' lang='lat' dir='ltr'>confiteretur</span> <span class='ocrx_word' id='word_1_162' title='bbox 848 1266 941 1302; x_wconf 89' lang='lat' dir='ltr'>errorem,</span> 
     </span>
     <span class='ocr_line' id='line_1_19' title="bbox 94 1309 942 1361; baseline -0.001 -10"><span class='ocrx_word' id='word_1_163' title='bbox 94 1318 114 1351; x_wconf 87' lang='lat' dir='ltr'>rt</span> <span class='ocrx_word' id='word_1_164' title='bbox 128 1324 198 1351; x_wconf 80' lang='lat' dir='ltr'>rrusus</span> <span class='ocrx_word' id='word_1_165' title='bbox 207 1311 264 1358; x_wconf 84' lang='lat' dir='ltr'>elain,</span> <span class='ocrx_word' id='word_1_166' title='bbox 280 1310 379 1349; x_wconf 90' lang='lat' dir='ltr'>interdum</span> <span class='ocrx_word' id='word_1_167' title='bbox 396 1316 415 1349; x_wconf 92' lang='lat' dir='ltr'>et</span> <span class='ocrx_word' id='word_1_168' title='bbox 429 1309 495 1361; x_wconf 90' lang='lat' dir='ltr'>palam</span> <span class='ocrx_word' id='word_1_169' title='bbox 510 1309 592 1349; x_wconf 89' lang='lat' dir='ltr'>doceret</span> <span class='ocrx_word' id='word_1_170' title='bbox 606 1309 674 1361; x_wconf 87' lang='lat' dir='ltr'>impia,</span> <span class='ocrx_word' id='word_1_171' title='bbox 690 1310 770 1350; x_wconf 84' lang='lat' dir='ltr'>tandem</span> <span class='ocrx_word' id='word_1_172' title='bbox 786 1310 888 1350; x_wconf 79' lang='lat' dir='ltr'>convictus</span> <span class='ocrx_word' id='word_1_173' title='bbox 901 1312 942 1350; x_wconf 84' lang='lat' dir='ltr'>rel-</span> 
     </span>
     <span class='ocr_line' id='line_1_20' title="bbox 94 1366 942 1420; baseline -0.001 -12"><span class='ocrx_word' id='word_1_174' title='bbox 94 1369 122 1408; x_wconf 85' lang='lat' dir='ltr'>ati</span> <span class='ocrx_word' id='word_1_175' title='bbox 142 1368 271 1420; x_wconf 87' lang='lat' dir='ltr'>deploratum</span> <span class='ocrx_word' id='word_1_176' title='bbox 285 1367 396 1406; x_wconf 76' lang='lat' dir='ltr'>memlarnm</span> <span class='ocrx_word' id='word_1_177' title='bbox 411 1379 421 1405; x_wconf 92' lang='lat' dir='ltr'>a</span> <span class='ocrx_word' id='word_1_178' title='bbox 437 1366 576 1405; x_wconf 86' lang='lat' dir='ltr'>communione</span> <span class='ocrx_word' id='word_1_179' title='bbox 591 1366 674 1406; x_wconf 87' lang='lat' dir='ltr'>lratrum</span> <span class='ocrx_word' id='word_1_180' title='bbox 687 1371 777 1407; x_wconf 89' lang='lat' dir='ltr'>resectus</span> <span class='ocrx_word' id='word_1_181' title='bbox 793 1374 829 1407; x_wconf 90' lang='lat' dir='ltr'>est.</span> <span class='ocrx_word' id='word_1_182' title='bbox 851 1368 874 1407; x_wconf 93' lang='lat' dir='ltr'>In</span> <span class='ocrx_word' id='word_1_183' title='bbox 883 1368 942 1408; x_wconf 88' lang='lat' dir='ltr'>huius</span> 
     </span>
     <span class='ocr_line' id='line_1_21' title="bbox 94 1422 942 1477; baseline 0 -13"><span class='ocrx_word' id='word_1_184' title='bbox 94 1426 217 1477; x_wconf 88' lang='lat' dir='ltr'>impietatem</span> <span class='ocrx_word' id='word_1_185' title='bbox 236 1423 336 1464; x_wconf 89' lang='lat' dir='ltr'>successit</span> <span class='ocrx_word' id='word_1_186' title='bbox 353 1423 456 1470; x_wconf 87' lang='lat' dir='ltr'>hlarcion,</span> <span class='ocrx_word' id='word_1_187' title='bbox 480 1434 553 1472; x_wconf 77' lang='lat' dir='ltr'>genere</span> <span class='ocrx_word' id='word_1_188' title='bbox 571 1422 680 1470; x_wconf 88' lang='lat' dir='ltr'>Ponticus,</span> <span class='ocrx_word' id='word_1_189' title='bbox 703 1424 779 1463; x_wconf 84' lang='lat' dir='ltr'>stoicae</span> <span class='ocrx_word' id='word_1_190' title='bbox 801 1424 942 1476; x_wconf 87' lang='lat' dir='ltr'>philosophiae</span> 
     </span>
     <span class='ocr_line' id='line_1_22' title="bbox 94 1479 941 1532; baseline -0.001 -11"><span class='ocrx_word' id='word_1_191' title='bbox 94 1482 206 1529; x_wconf 82' lang='lat' dir='ltr'>studiosus,</span> <span class='ocrx_word' id='word_1_192' title='bbox 226 1480 317 1532; x_wconf 87' lang='lat' dir='ltr'>episcopi</span> <span class='ocrx_word' id='word_1_193' title='bbox 332 1479 396 1526; x_wconf 82' lang='lat' dir='ltr'>tilius,</span> <span class='ocrx_word' id='word_1_194' title='bbox 417 1479 442 1518; x_wconf 91' lang='lat' dir='ltr'>ob</span> <span class='ocrx_word' id='word_1_195' title='bbox 463 1484 572 1531; x_wconf 78' lang='lat' dir='ltr'>stupratam</span> <span class='ocrx_word' id='word_1_196' title='bbox 592 1479 690 1532; x_wconf 83' lang='lat' dir='ltr'>virginem</span> <span class='ocrx_word' id='word_1_197' title='bbox 709 1480 785 1520; x_wconf 90' lang='lat' dir='ltr'>eiectus</span> <span class='ocrx_word' id='word_1_198' title='bbox 806 1482 829 1521; x_wconf 90' lang='lat' dir='ltr'>ab</span> <span class='ocrx_word' id='word_1_199' title='bbox 849 1481 941 1529; x_wconf 89' lang='lat' dir='ltr'>ecclesia,</span> 
     </span>
     <span class='ocr_line' id='line_1_23' title="bbox 94 1536 942 1591; baseline 0 -13"><span class='ocrx_word' id='word_1_200' title='bbox 94 1540 128 1591; x_wconf 89' lang='lat' dir='ltr'>qui</span> <span class='ocrx_word' id='word_1_201' title='bbox 146 1544 213 1578; x_wconf 90' lang='lat' dir='ltr'>tamen</span> <span class='ocrx_word' id='word_1_202' title='bbox 231 1544 278 1589; x_wconf 91' lang='lat' dir='ltr'>post</span> <span class='ocrx_word' id='word_1_203' title='bbox 293 1536 396 1577; x_wconf 79' lang='lat' dir='ltr'>interdixit</span> <span class='ocrx_word' id='word_1_204' title='bbox 414 1536 494 1588; x_wconf 87' lang='lat' dir='ltr'>nuptias</span> <span class='ocrx_word' id='word_1_205' title='bbox 515 1536 641 1576; x_wconf 81' lang='lat' dir='ltr'>Christianis.</span> <span class='ocrx_word' id='word_1_206' title='bbox 675 1537 772 1578; x_wconf 79' lang='lat' dir='ltr'>Centenis</span> <span class='ocrx_word' id='word_1_207' title='bbox 792 1550 815 1577; x_wconf 88' lang='lat' dir='ltr'>ac</span> <span class='ocrx_word' id='word_1_208' title='bbox 834 1538 942 1578; x_wconf 81' lang='lat' dir='ltr'>Marcionis</span> 
     </span>
     <span class='ocr_line' id='line_1_24' title="bbox 93 1593 942 1648; baseline -0.001 -12"><span class='ocrx_word' id='word_1_209' title='bbox 93 1597 231 1648; x_wconf 89' lang='lat' dir='ltr'>blasphemam</span> <span class='ocrx_word' id='word_1_210' title='bbox 247 1594 358 1634; x_wconf 74' lang='lat' dir='ltr'>doctrinam</span> <span class='ocrx_word' id='word_1_211' title='bbox 373 1594 451 1645; x_wconf 80' lang='lat' dir='ltr'>excepit</span> <span class='ocrx_word' id='word_1_212' title='bbox 464 1594 557 1633; x_wconf 83' lang='lat' dir='ltr'>Lucamrs</span> <span class='ocrx_word' id='word_1_213' title='bbox 574 1593 663 1645; x_wconf 88' lang='lat' dir='ltr'>quidam,</span> <span class='ocrx_word' id='word_1_214' title='bbox 684 1594 709 1633; x_wconf 86' lang='lat' dir='ltr'>ob</span> <span class='ocrx_word' id='word_1_215' title='bbox 725 1594 746 1633; x_wconf 92' lang='lat' dir='ltr'>id</span> <span class='ocrx_word' id='word_1_216' title='bbox 761 1595 868 1643; x_wconf 87' lang='lat' dir='ltr'>obscurus,</span> <span class='ocrx_word' id='word_1_217' title='bbox 889 1596 942 1648; x_wconf 89' lang='lat' dir='ltr'>quod</span> 
     </span>
     <span class='ocr_line' id='line_1_25' title="bbox 94 1649 942 1704; baseline 0 -12"><span class='ocrx_word' id='word_1_218' title='bbox 94 1653 145 1693; x_wconf 89' lang='lat' dir='ltr'>nihil</span> <span class='ocrx_word' id='word_1_219' title='bbox 160 1652 260 1692; x_wconf 86' lang='lat' dir='ltr'>innovarit</span> <span class='ocrx_word' id='word_1_220' title='bbox 275 1664 298 1690; x_wconf 83' lang='lat' dir='ltr'>ex</span> <span class='ocrx_word' id='word_1_221' title='bbox 313 1662 382 1690; x_wconf 90' lang='lat' dir='ltr'>eorum</span> <span class='ocrx_word' id='word_1_222' title='bbox 397 1649 494 1698; x_wconf 70' lang='lat' dir='ltr'>electrina,</span> <span class='ocrx_word' id='word_1_223' title='bbox 511 1662 561 1702; x_wconf 90' lang='lat' dir='ltr'>quos</span> <span class='ocrx_word' id='word_1_224' title='bbox 576 1650 701 1702; x_wconf 87' lang='lat' dir='ltr'>sequebatur.</span> <span class='ocrx_word' id='word_1_225' title='bbox 733 1651 773 1691; x_wconf 88' lang='lat' dir='ltr'>Sed</span> <span class='ocrx_word' id='word_1_226' title='bbox 792 1652 871 1704; x_wconf 81' lang='lat' dir='ltr'>Apelles</span> <span class='ocrx_word' id='word_1_227' title='bbox 890 1652 942 1692; x_wconf 87' lang='lat' dir='ltr'>blar-</span> 
     </span>
     <span class='ocr_line' id='line_1_26' title="bbox 94 1707 943 1760; baseline -0.001 -10"><span class='ocrx_word' id='word_1_228' title='bbox 94 1710 159 1750; x_wconf 84' lang='lat' dir='ltr'>oionis</span> <span class='ocrx_word' id='word_1_229' title='bbox 176 1708 299 1760; x_wconf 86' lang='lat' dir='ltr'>discipulus,</span> <span class='ocrx_word' id='word_1_230' title='bbox 326 1720 365 1759; x_wconf 89' lang='lat' dir='ltr'>quo</span> <span class='ocrx_word' id='word_1_231' title='bbox 385 1719 407 1747; x_wconf 89' lang='lat' dir='ltr'>se</span> <span class='ocrx_word' id='word_1_232' title='bbox 426 1707 501 1746; x_wconf 85' lang='lat' dir='ltr'>faceret</span> <span class='ocrx_word' id='word_1_233' title='bbox 520 1719 583 1747; x_wconf 81' lang='lat' dir='ltr'>norae</span> <span class='ocrx_word' id='word_1_234' title='bbox 598 1707 692 1747; x_wconf 70' lang='lat' dir='ltr'>stantionis</span> <span class='ocrx_word' id='word_1_235' title='bbox 708 1715 819 1757; x_wconf 81' lang='lat' dir='ltr'>auctorem,</span> <span class='ocrx_word' id='word_1_236' title='bbox 838 1709 899 1749; x_wconf 90' lang='lat' dir='ltr'>multa</span> <span class='ocrx_word' id='word_1_237' title='bbox 919 1722 943 1750; x_wconf 78' lang='lat' dir='ltr'>eu</span> 
     </span>
     <span class='ocr_line' id='line_1_27' title="bbox 95 1763 942 1817; baseline 0 -11"><span class='ocrx_word' id='word_1_238' title='bbox 95 1766 185 1817; x_wconf 65' lang='lat' dir='ltr'>magistri</span> <span class='ocrx_word' id='word_1_239' title='bbox 204 1764 329 1815; x_wconf 73' lang='lat' dir='ltr'>tlogrnatilrus</span> <span class='ocrx_word' id='word_1_240' title='bbox 348 1763 476 1815; x_wconf 86' lang='lat' dir='ltr'>reprobavit,</span> <span class='ocrx_word' id='word_1_241' title='bbox 496 1764 531 1803; x_wconf 88' lang='lat' dir='ltr'>sed</span> <span class='ocrx_word' id='word_1_242' title='bbox 547 1763 576 1803; x_wconf 87' lang='lat' dir='ltr'>sic</span> <span class='ocrx_word' id='word_1_243' title='bbox 595 1769 617 1803; x_wconf 90' lang='lat' dir='ltr'>ut</span> <span class='ocrx_word' id='word_1_244' title='bbox 630 1764 694 1804; x_wconf 90' lang='lat' dir='ltr'>nihilo</span> <span class='ocrx_word' id='word_1_245' title='bbox 710 1765 790 1805; x_wconf 86' lang='lat' dir='ltr'>saniora</span> <span class='ocrx_word' id='word_1_246' title='bbox 806 1765 942 1806; x_wconf 87' lang='lat' dir='ltr'>substitueret.</span> 
     </span>
     <span class='ocr_line' id='line_1_28' title="bbox 95 1820 943 1874; baseline -0.001 -11"><span class='ocrx_word' id='word_1_247' title='bbox 95 1825 132 1863; x_wconf 89' lang='lat' dir='ltr'>llic</span> <span class='ocrx_word' id='word_1_248' title='bbox 151 1822 244 1873; x_wconf 75' lang='lat' dir='ltr'>allegarit</span> <span class='ocrx_word' id='word_1_249' title='bbox 262 1821 321 1860; x_wconf 89' lang='lat' dir='ltr'>uobis</span> <span class='ocrx_word' id='word_1_250' title='bbox 340 1820 426 1872; x_wconf 90' lang='lat' dir='ltr'>puellam</span> <span class='ocrx_word' id='word_1_251' title='bbox 445 1821 525 1860; x_wconf 89' lang='lat' dir='ltr'>nomine</span> <span class='ocrx_word' id='word_1_252' title='bbox 545 1821 689 1869; x_wconf 88' lang='lat' dir='ltr'>Philumenen,</span> <span class='ocrx_word' id='word_1_253' title='bbox 713 1822 745 1861; x_wconf 92' lang='lat' dir='ltr'>cui</span> <span class='ocrx_word' id='word_1_254' title='bbox 766 1823 853 1874; x_wconf 82' lang='lat' dir='ltr'>fingebat</span> <span class='ocrx_word' id='word_1_255' title='bbox 872 1823 943 1864; x_wconf 90' lang='lat' dir='ltr'>adesse</span> 
     </span>
     <span class='ocr_line' id='line_1_29' title="bbox 94 1877 943 1933; baseline 0 -14"><span class='ocrx_word' id='word_1_256' title='bbox 94 1880 235 1933; x_wconf 87' lang='lat' dir='ltr'>propheticum</span> <span class='ocrx_word' id='word_1_257' title='bbox 251 1878 348 1930; x_wconf 91' lang='lat' dir='ltr'>spiritum,</span> <span class='ocrx_word' id='word_1_258' title='bbox 364 1890 423 1929; x_wconf 90' lang='lat' dir='ltr'>quam</span> <span class='ocrx_word' id='word_1_259' title='bbox 437 1883 503 1916; x_wconf 86' lang='lat' dir='ltr'>taurea</span> <span class='ocrx_word' id='word_1_260' title='bbox 512 1877 633 1928; x_wconf 75' lang='lat' dir='ltr'>Augustinus</span> <span class='ocrx_word' id='word_1_261' title='bbox 649 1879 731 1930; x_wconf 86' lang='lat' dir='ltr'>scripsit</span> <span class='ocrx_word' id='word_1_262' title='bbox 746 1880 841 1919; x_wconf 89' lang='lat' dir='ltr'>aSevero</span> <span class='ocrx_word' id='word_1_263' title='bbox 857 1881 943 1932; x_wconf 89' lang='lat' dir='ltr'>quodam</span> 
     </span>
     <span class='ocr_line' id='line_1_30' title="bbox 96 1934 943 1985; baseline -0.001 -8"><span class='ocrx_word' id='word_1_264' title='bbox 96 1938 207 1981; x_wconf 84' lang='lat' dir='ltr'>inductam,</span> <span class='ocrx_word' id='word_1_265' title='bbox 227 1936 280 1975; x_wconf 89' lang='lat' dir='ltr'>haud</span> <span class='ocrx_word' id='word_1_266' title='bbox 302 1935 344 1974; x_wconf 91' lang='lat' dir='ltr'>scio</span> <span class='ocrx_word' id='word_1_267' title='bbox 365 1934 413 1985; x_wconf 88' lang='lat' dir='ltr'>quid</span> <span class='ocrx_word' id='word_1_268' title='bbox 431 1940 518 1974; x_wconf 87' lang='lat' dir='ltr'>secutus.</span> <span class='ocrx_word' id='word_1_269' title='bbox 545 1934 594 1974; x_wconf 87' lang='lat' dir='ltr'>Nam</span> <span class='ocrx_word' id='word_1_270' title='bbox 613 1934 712 1975; x_wconf 86' lang='lat' dir='ltr'>Eusebius</span> <span class='ocrx_word' id='word_1_271' title='bbox 732 1941 752 1976; x_wconf 92' lang='lat' dir='ltr'>et</span> <span class='ocrx_word' id='word_1_272' title='bbox 767 1936 900 1976; x_wconf 83' lang='lat' dir='ltr'>Tertullianus</span> <span class='ocrx_word' id='word_1_273' title='bbox 922 1937 943 1976; x_wconf 91' lang='lat' dir='ltr'>in</span> 
     </span>
     <span class='ocr_line' id='line_1_31' title="bbox 94 1991 943 2046; baseline 0 -12"><span class='ocrx_word' id='word_1_274' title='bbox 94 1996 140 2039; x_wconf 88' lang='lat' dir='ltr'>huc,</span> <span class='ocrx_word' id='word_1_275' title='bbox 157 1993 211 2046; x_wconf 71' lang='lat' dir='ltr'>tqriotl</span> <span class='ocrx_word' id='word_1_276' title='bbox 226 2005 291 2039; x_wconf 91' lang='lat' dir='ltr'>narro,</span> <span class='ocrx_word' id='word_1_277' title='bbox 308 1991 441 2030; x_wconf 86' lang='lat' dir='ltr'>consentiunt.</span> <span class='ocrx_word' id='word_1_278' title='bbox 471 1991 526 2030; x_wconf 88' lang='lat' dir='ltr'>Inter·</span> <span class='ocrx_word' id='word_1_279' title='bbox 540 1991 590 2031; x_wconf 88' lang='lat' dir='ltr'>haec</span> <span class='ocrx_word' id='word_1_280' title='bbox 608 1997 700 2043; x_wconf 85' lang='lat' dir='ltr'>portenta</span> <span class='ocrx_word' id='word_1_281' title='bbox 715 1992 816 2033; x_wconf 85' lang='lat' dir='ltr'>latuerunt</span> <span class='ocrx_word' id='word_1_282' title='bbox 830 1993 908 2033; x_wconf 90' lang='lat' dir='ltr'>Potitus</span> <span class='ocrx_word' id='word_1_283' title='bbox 923 1999 943 2034; x_wconf 85' lang='lat' dir='ltr'>et</span> 
     </span>
     <span class='ocr_line' id='line_1_32' title="bbox 94 2047 941 2102; baseline -0.002 -11"><span class='ocrx_word' id='word_1_284' title='bbox 94 2051 218 2098; x_wconf 77' lang='lat' dir='ltr'>Basiliscus,</span> <span class='ocrx_word' id='word_1_285' title='bbox 241 2049 275 2101; x_wconf 91' lang='lat' dir='ltr'>qui</span> <span class='ocrx_word' id='word_1_286' title='bbox 294 2047 415 2088; x_wconf 82' lang='lat' dir='ltr'>Marcionem</span> <span class='ocrx_word' id='word_1_287' title='bbox 438 2048 501 2087; x_wconf 88' lang='lat' dir='ltr'>secuti</span> <span class='ocrx_word' id='word_1_288' title='bbox 541 2048 579 2087; x_wconf 85' lang='lat' dir='ltr'>duo</span> <span class='ocrx_word' id='word_1_289' title='bbox 603 2061 669 2089; x_wconf 92' lang='lat' dir='ltr'>rerum</span> <span class='ocrx_word' id='word_1_290' title='bbox 688 2049 788 2102; x_wconf 88' lang='lat' dir='ltr'>principia</span> <span class='ocrx_word' id='word_1_291' title='bbox 810 2050 941 2091; x_wconf 87' lang='lat' dir='ltr'>tradiderunt.</span> 
     </span>
     <span class='ocr_line' id='line_1_33' title="bbox 96 2104 941 2161; baseline -0.001 -13"><span class='ocrx_word' id='word_1_292' title='bbox 96 2109 182 2161; x_wconf 72' lang='lat' dir='ltr'>Sprenus</span> <span class='ocrx_word' id='word_1_293' title='bbox 197 2106 261 2157; x_wconf 80' lang='lat' dir='ltr'>magis</span> <span class='ocrx_word' id='word_1_294' title='bbox 276 2105 335 2145; x_wconf 91' lang='lat' dir='ltr'>etiam</span> <span class='ocrx_word' id='word_1_295' title='bbox 351 2104 447 2152; x_wconf 72' lang='lat' dir='ltr'>delirans,</span> <span class='ocrx_word' id='word_1_296' title='bbox 467 2105 505 2144; x_wconf 89' lang='lat' dir='ltr'>tria</span> <span class='ocrx_word' id='word_1_297' title='bbox 520 2105 619 2156; x_wconf 87' lang='lat' dir='ltr'>principia</span> <span class='ocrx_word' id='word_1_298' title='bbox 638 2105 679 2145; x_wconf 87' lang='lat' dir='ltr'>sire</span> <span class='ocrx_word' id='word_1_299' title='bbox 703 2111 742 2146; x_wconf 90' lang='lat' dir='ltr'>tres</span> <span class='ocrx_word' id='word_1_300' title='bbox 762 2112 843 2147; x_wconf 87' lang='lat' dir='ltr'>naturas</span> <span class='ocrx_word' id='word_1_301' title='bbox 858 2107 941 2147; x_wconf 80' lang='lat' dir='ltr'>induxit.</span> 
     </span>
     <span class='ocr_line' id='line_1_34' title="bbox 95 2161 941 2214; baseline -0.001 -10"><span class='ocrx_word' id='word_1_302' title='bbox 95 2166 137 2205; x_wconf 89' lang='lat' dir='ltr'>Hos</span> <span class='ocrx_word' id='word_1_303' title='bbox 157 2176 227 2203; x_wconf 89' lang='lat' dir='ltr'>onmes</span> <span class='ocrx_word' id='word_1_304' title='bbox 247 2167 326 2202; x_wconf 88' lang='lat' dir='ltr'>secutus</span> <span class='ocrx_word' id='word_1_305' title='bbox 345 2162 452 2209; x_wconf 83' lang='lat' dir='ltr'>Tatianus,</span> <span class='ocrx_word' id='word_1_306' title='bbox 476 2174 499 2201; x_wconf 82' lang='lat' dir='ltr'>en</span> <span class='ocrx_word' id='word_1_307' title='bbox 517 2161 589 2201; x_wconf 88' lang='lat' dir='ltr'>lustini</span> <span class='ocrx_word' id='word_1_308' title='bbox 612 2162 712 2214; x_wconf 89' lang='lat' dir='ltr'>discipula</span> <span class='ocrx_word' id='word_1_309' title='bbox 734 2164 798 2204; x_wconf 82' lang='lat' dir='ltr'>lactus</span> <span class='ocrx_word' id='word_1_310' title='bbox 821 2165 941 2210; x_wconf 85' lang='lat' dir='ltr'>haereticus,</span> 
     </span>
     <span class='ocr_line' id='line_1_35' title="bbox 94 2218 942 2273; baseline 0 -13"><span class='ocrx_word' id='word_1_311' title='bbox 94 2220 193 2262; x_wconf 85' lang='lat' dir='ltr'>Valentini</span> <span class='ocrx_word' id='word_1_312' title='bbox 208 2219 355 2271; x_wconf 86' lang='lat' dir='ltr'>hlarcionisque</span> <span class='ocrx_word' id='word_1_313' title='bbox 373 2218 468 2270; x_wconf 84' lang='lat' dir='ltr'>pestilera</span> <span class='ocrx_word' id='word_1_314' title='bbox 489 2219 581 2269; x_wconf 73' lang='lat' dir='ltr'>dogmata</span> <span class='ocrx_word' id='word_1_315' title='bbox 599 2220 709 2267; x_wconf 71' lang='lat' dir='ltr'>revocavit,</span> <span class='ocrx_word' id='word_1_316' title='bbox 734 2220 855 2273; x_wconf 89' lang='lat' dir='ltr'>discipulum</span> <span class='ocrx_word' id='word_1_317' title='bbox 873 2222 942 2261; x_wconf 87' lang='lat' dir='ltr'>habuit</span> 
     </span>
     <span class='ocr_line' id='line_1_36' title="bbox 95 2274 942 2326; baseline 0 -8"><span class='ocrx_word' id='word_1_318' title='bbox 95 2278 232 2319; x_wconf 82' lang='lat' dir='ltr'>Calistionem.</span> <span class='ocrx_word' id='word_1_319' title='bbox 261 2277 283 2315; x_wconf 92' lang='lat' dir='ltr'>ln</span> <span class='ocrx_word' id='word_1_320' title='bbox 300 2281 338 2315; x_wconf 88' lang='lat' dir='ltr'>tam</span> <span class='ocrx_word' id='word_1_321' title='bbox 353 2275 432 2326; x_wconf 76' lang='lat' dir='ltr'>longam</span> <span class='ocrx_word' id='word_1_322' title='bbox 451 2274 525 2314; x_wconf 89' lang='lat' dir='ltr'>seriem</span> <span class='ocrx_word' id='word_1_323' title='bbox 544 2288 565 2315; x_wconf 91' lang='lat' dir='ltr'>se</span> <span class='ocrx_word' id='word_1_324' title='bbox 585 2277 673 2326; x_wconf 81' lang='lat' dir='ltr'>porrexit</span> <span class='ocrx_word' id='word_1_325' title='bbox 692 2276 725 2317; x_wconf 91' lang='lat' dir='ltr'>illa</span> <span class='ocrx_word' id='word_1_326' title='bbox 741 2277 858 2318; x_wconf 86' lang='lat' dir='ltr'>detestanda</span> <span class='ocrx_word' id='word_1_327' title='bbox 872 2279 942 2318; x_wconf 87' lang='lat' dir='ltr'>laesa</span> 
     </span>
     <span class='ocr_line' id='line_1_37' title="bbox 95 2332 941 2385; baseline -0.002 -10"><span class='ocrx_word' id='word_1_328' title='bbox 95 2336 177 2376; x_wconf 84' lang='lat' dir='ltr'>Simone</span> <span class='ocrx_word' id='word_1_329' title='bbox 193 2346 250 2385; x_wconf 74' lang='lat' dir='ltr'>mago</span> <span class='ocrx_word' id='word_1_330' title='bbox 265 2333 364 2385; x_wconf 86' lang='lat' dir='ltr'>profecta,</span> <span class='ocrx_word' id='word_1_331' title='bbox 384 2332 478 2383; x_wconf 90' lang='lat' dir='ltr'>dictuque</span> <span class='ocrx_word' id='word_1_332' title='bbox 498 2332 571 2371; x_wconf 90' lang='lat' dir='ltr'>mirum</span> <span class='ocrx_word' id='word_1_333' title='bbox 586 2345 645 2383; x_wconf 89' lang='lat' dir='ltr'>quam</span> <span class='ocrx_word' id='word_1_334' title='bbox 659 2345 718 2384; x_wconf 82' lang='lat' dir='ltr'>aegre</span> <span class='ocrx_word' id='word_1_335' title='bbox 733 2334 799 2374; x_wconf 92' lang='lat' dir='ltr'>desiit.</span> <span class='ocrx_word' id='word_1_336' title='bbox 829 2335 870 2375; x_wconf 89' lang='lat' dir='ltr'>Iam</span> <span class='ocrx_word' id='word_1_337' title='bbox 889 2334 941 2375; x_wconf 88' lang='lat' dir='ltr'>enim</span> 
     </span>
     <span class='ocr_line' id='line_1_38' title="bbox 94 2389 941 2440; baseline 0 -9"><span class='ocrx_word' id='word_1_338' title='bbox 94 2391 193 2433; x_wconf 79' lang='lat' dir='ltr'>Valentini</span> <span class='ocrx_word' id='word_1_339' title='bbox 208 2403 282 2430; x_wconf 85' lang='lat' dir='ltr'>irornen</span> <span class='ocrx_word' id='word_1_340' title='bbox 298 2394 340 2429; x_wconf 91' lang='lat' dir='ltr'>erat</span> <span class='ocrx_word' id='word_1_341' title='bbox 354 2389 478 2434; x_wconf 84' lang='lat' dir='ltr'>exstinctum,</span> <span class='ocrx_word' id='word_1_342' title='bbox 495 2401 555 2440; x_wconf 89' lang='lat' dir='ltr'>quum</span> <span class='ocrx_word' id='word_1_343' title='bbox 569 2394 636 2429; x_wconf 87' lang='lat' dir='ltr'>tamen</span> <span class='ocrx_word' id='word_1_344' title='bbox 651 2402 692 2430; x_wconf 89' lang='lat' dir='ltr'>non</span> <span class='ocrx_word' id='word_1_345' title='bbox 700 2391 794 2431; x_wconf 89' lang='lat' dir='ltr'>deessent</span> <span class='ocrx_word' id='word_1_346' title='bbox 802 2392 941 2432; x_wconf 80' lang='lat' dir='ltr'>Valentiniani.</span> 
     </span>
     <span class='ocr_line' id='line_1_39' title="bbox 95 2445 942 2500; baseline -0.001 -11"><span class='ocrx_word' id='word_1_347' title='bbox 95 2449 136 2489; x_wconf 86' lang='lat' dir='ltr'>Neo</span> <span class='ocrx_word' id='word_1_348' title='bbox 151 2448 233 2488; x_wconf 77' lang='lat' dir='ltr'>orianino</span> <span class='ocrx_word' id='word_1_349' title='bbox 248 2447 294 2486; x_wconf 88' lang='lat' dir='ltr'>linis</span> <span class='ocrx_word' id='word_1_350' title='bbox 309 2445 413 2486; x_wconf 86' lang='lat' dir='ltr'>ridebatur</span> <span class='ocrx_word' id='word_1_351' title='bbox 428 2446 515 2491; x_wconf 87' lang='lat' dir='ltr'>hiturus,</span> <span class='ocrx_word' id='word_1_352' title='bbox 531 2445 571 2484; x_wconf 91' lang='lat' dir='ltr'>nisi</span> <span class='ocrx_word' id='word_1_353' title='bbox 585 2447 675 2486; x_wconf 88' lang='lat' dir='ltr'>venisset</span> <span class='ocrx_word' id='word_1_354' title='bbox 688 2447 804 2496; x_wconf 86' lang='lat' dir='ltr'>blontauus,</span> <span class='ocrx_word' id='word_1_355' title='bbox 820 2449 854 2500; x_wconf 94' lang='lat' dir='ltr'>qui</span> <span class='ocrx_word' id='word_1_356' title='bbox 870 2449 942 2488; x_wconf 89' lang='lat' dir='ltr'>ceteris</span> 
     </span>
     <span class='ocr_line' id='line_1_40' title="bbox 95 2502 942 2556; baseline 0 -11"><span class='ocrx_word' id='word_1_357' title='bbox 95 2506 188 2545; x_wconf 84' lang='lat' dir='ltr'>omuibus</span> <span class='ocrx_word' id='word_1_358' title='bbox 203 2503 306 2555; x_wconf 82' lang='lat' dir='ltr'>abrogavit</span> <span class='ocrx_word' id='word_1_359' title='bbox 321 2502 465 2549; x_wconf 84' lang='lat' dir='ltr'>auctoritatem,</span> <span class='ocrx_word' id='word_1_360' title='bbox 482 2514 503 2541; x_wconf 91' lang='lat' dir='ltr'>se</span> <span class='ocrx_word' id='word_1_361' title='bbox 518 2502 637 2553; x_wconf 85' lang='lat' dir='ltr'>praedicans</span> <span class='ocrx_word' id='word_1_362' title='bbox 653 2516 697 2543; x_wconf 89' lang='lat' dir='ltr'>esse</span> <span class='ocrx_word' id='word_1_363' title='bbox 713 2505 811 2556; x_wconf 87' lang='lat' dir='ltr'>Spiritum</span> <span class='ocrx_word' id='word_1_364' title='bbox 825 2510 916 2545; x_wconf 88' lang='lat' dir='ltr'>sanctum</span> <span class='ocrx_word' id='word_1_365' title='bbox 931 2518 942 2544; x_wconf 85' lang='lat' dir='ltr'>a</span> 
     </span>
     <span class='ocr_line' id='line_1_41' title="bbox 96 2558 942 2614; baseline -0.002 -12"><span class='ocrx_word' id='word_1_366' title='bbox 96 2562 175 2602; x_wconf 80' lang='lat' dir='ltr'>Cluisto</span> <span class='ocrx_word' id='word_1_367' title='bbox 190 2561 318 2613; x_wconf 88' lang='lat' dir='ltr'>prornissnm,</span> <span class='ocrx_word' id='word_1_368' title='bbox 334 2559 368 2611; x_wconf 89' lang='lat' dir='ltr'>qui</span> <span class='ocrx_word' id='word_1_369' title='bbox 383 2559 491 2599; x_wconf 82' lang='lat' dir='ltr'>‹leduceret</span> <span class='ocrx_word' id='word_1_370' title='bbox 504 2558 525 2598; x_wconf 91' lang='lat' dir='ltr'>in</span> <span class='ocrx_word' id='word_1_371' title='bbox 540 2571 619 2599; x_wconf 89' lang='lat' dir='ltr'>omnem</span> <span class='ocrx_word' id='word_1_372' title='bbox 633 2560 743 2601; x_wconf 85' lang='lat' dir='ltr'>veritatem.</span> <span class='ocrx_word' id='word_1_373' title='bbox 781 2561 904 2614; x_wconf 81' lang='lat' dir='ltr'>Quanrquam</span> <span class='ocrx_word' id='word_1_374' title='bbox 923 2568 942 2602; x_wconf 90' lang='lat' dir='ltr'>et</span> 
     </span>
     <span class='ocr_line' id='line_1_42' title="bbox 95 2615 942 2659; baseline -0.001 -1"><span class='ocrx_word' id='word_1_375' title='bbox 95 2619 223 2658; x_wconf 89' lang='lat' dir='ltr'>llanichaeus</span> <span class='ocrx_word' id='word_1_376' title='bbox 238 2616 330 2657; x_wconf 88' lang='lat' dir='ltr'>nonnihil</span> <span class='ocrx_word' id='word_1_377' title='bbox 345 2615 419 2656; x_wconf 89' lang='lat' dir='ltr'>erroris</span> <span class='ocrx_word' id='word_1_378' title='bbox 435 2629 458 2656; x_wconf 80' lang='lat' dir='ltr'>en</span> <span class='ocrx_word' id='word_1_379' title='bbox 472 2615 560 2656; x_wconf 78' lang='lat' dir='ltr'>Basilitle</span> <span class='ocrx_word' id='word_1_380' title='bbox 574 2616 652 2656; x_wconf 85' lang='lat' dir='ltr'>ridetur</span> <span class='ocrx_word' id='word_1_381' title='bbox 666 2617 765 2658; x_wconf 87' lang='lat' dir='ltr'>hausisse.</span> <span class='ocrx_word' id='word_1_382' title='bbox 783 2619 862 2659; x_wconf 86' lang='lat' dir='ltr'>Accidit</span> <span class='ocrx_word' id='word_1_383' title='bbox 876 2627 942 2659; x_wconf 85' lang='lat' dir='ltr'>autern</span> 
     </span>
     <span class='ocr_line' id='line_1_43' title="bbox 95 2673 942 2727; baseline 0 -13"><span class='ocrx_word' id='word_1_384' title='bbox 95 2676 129 2715; x_wconf 86' lang='lat' dir='ltr'>hic</span> <span class='ocrx_word' id='word_1_385' title='bbox 144 2675 197 2727; x_wconf 89' lang='lat' dir='ltr'>quod</span> <span class='ocrx_word' id='word_1_386' title='bbox 213 2674 264 2714; x_wconf 89' lang='lat' dir='ltr'>solet</span> <span class='ocrx_word' id='word_1_387' title='bbox 286 2674 306 2713; x_wconf 90' lang='lat' dir='ltr'>in</span> <span class='ocrx_word' id='word_1_388' title='bbox 326 2673 377 2712; x_wconf 85' lang='lat' dir='ltr'>febri</span> <span class='ocrx_word' id='word_1_389' title='bbox 395 2674 524 2713; x_wconf 84' lang='lat' dir='ltr'>vehementer</span> <span class='ocrx_word' id='word_1_390' title='bbox 542 2673 622 2720; x_wconf 89' lang='lat' dir='ltr'>tenaci,</span> <span class='ocrx_word' id='word_1_391' title='bbox 646 2686 696 2726; x_wconf 87' lang='lat' dir='ltr'>qnae</span> <span class='ocrx_word' id='word_1_392' title='bbox 716 2687 770 2715; x_wconf 75' lang='lat' dir='ltr'>istinc</span> <span class='ocrx_word' id='word_1_393' title='bbox 789 2683 820 2715; x_wconf 87' lang='lat' dir='ltr'>est</span> <span class='ocrx_word' id='word_1_394' title='bbox 837 2676 942 2716; x_wconf 90' lang='lat' dir='ltr'>remissior</span> 
     </span>
     <span class='ocr_line' id='line_1_44' title="bbox 95 2729 941 2781; baseline 0 -10"><span class='ocrx_word' id='word_1_395' title='bbox 95 2744 149 2771; x_wconf 91' lang='lat' dir='ltr'>nunc</span> <span class='ocrx_word' id='word_1_396' title='bbox 164 2731 235 2777; x_wconf 86' lang='lat' dir='ltr'>acrior,</span> <span class='ocrx_word' id='word_1_397' title='bbox 250 2742 302 2770; x_wconf 91' lang='lat' dir='ltr'>nunc</span> <span class='ocrx_word' id='word_1_398' title='bbox 317 2730 337 2769; x_wconf 94' lang='lat' dir='ltr'>in</span> <span class='ocrx_word' id='word_1_399' title='bbox 353 2729 412 2769; x_wconf 91' lang='lat' dir='ltr'>aliam</span> <span class='ocrx_word' id='word_1_400' title='bbox 427 2735 486 2781; x_wconf 88' lang='lat' dir='ltr'>atque</span> <span class='ocrx_word' id='word_1_401' title='bbox 502 2729 561 2769; x_wconf 90' lang='lat' dir='ltr'>aliam</span> <span class='ocrx_word' id='word_1_402' title='bbox 576 2730 663 2781; x_wconf 91' lang='lat' dir='ltr'>speciem</span> <span class='ocrx_word' id='word_1_403' title='bbox 672 2732 789 2779; x_wconf 88' lang='lat' dir='ltr'>sesevertit,</span> <span class='ocrx_word' id='word_1_404' title='bbox 805 2745 842 2772; x_wconf 89' lang='lat' dir='ltr'>nec</span> <span class='ocrx_word' id='word_1_405' title='bbox 850 2732 941 2773; x_wconf 89' lang='lat' dir='ltr'>desinere</span> 
     </span>
     <span class='ocr_line' id='line_1_45' title="bbox 95 2785 941 2841; baseline 0.001 -13"><span class='ocrx_word' id='word_1_406' title='bbox 95 2793 168 2841; x_wconf 88' lang='lat' dir='ltr'>potest,</span> <span class='ocrx_word' id='word_1_407' title='bbox 185 2787 248 2826; x_wconf 90' lang='lat' dir='ltr'>donec</span> <span class='ocrx_word' id='word_1_408' title='bbox 263 2787 283 2826; x_wconf 93' lang='lat' dir='ltr'>iu</span> <span class='ocrx_word' id='word_1_409' title='bbox 298 2787 414 2839; x_wconf 83' lang='lat' dir='ltr'>pluenesim</span> <span class='ocrx_word' id='word_1_410' title='bbox 429 2793 463 2825; x_wconf 86' lang='lat' dir='ltr'>arrt</span> <span class='ocrx_word' id='word_1_411' title='bbox 477 2785 498 2824; x_wconf 92' lang='lat' dir='ltr'>in</span> <span class='ocrx_word' id='word_1_412' title='bbox 514 2786 566 2825; x_wconf 85' lang='lat' dir='ltr'>aliut]</span> <span class='ocrx_word' id='word_1_413' title='bbox 580 2787 654 2827; x_wconf 91' lang='lat' dir='ltr'>malum</span> <span class='ocrx_word' id='word_1_414' title='bbox 668 2789 795 2839; x_wconf 88' lang='lat' dir='ltr'>praesentius</span> <span class='ocrx_word' id='word_1_415' title='bbox 811 2794 873 2829; x_wconf 80' lang='lat' dir='ltr'>exeat.</span> <span class='ocrx_word' id='word_1_416' title='bbox 903 2790 941 2829; x_wconf 83' lang='lat' dir='ltr'>Atl-</span> 
     </span>
     <span class='ocr_line' id='line_1_46' title="bbox 94 2842 940 2896; baseline 0 -12"><span class='ocrx_word' id='word_1_417' title='bbox 94 2857 164 2885; x_wconf 82' lang='lat' dir='ltr'>versus</span> <span class='ocrx_word' id='word_1_418' title='bbox 179 2844 229 2884; x_wconf 90' lang='lat' dir='ltr'>haec</span> <span class='ocrx_word' id='word_1_419' title='bbox 244 2848 335 2895; x_wconf 89' lang='lat' dir='ltr'>portenta</span> <span class='ocrx_word' id='word_1_420' title='bbox 351 2844 451 2895; x_wconf 87' lang='lat' dir='ltr'>scripsere</span> <span class='ocrx_word' id='word_1_421' title='bbox 465 2842 564 2890; x_wconf 86' lang='lat' dir='ltr'>Iustinus,</span> <span class='ocrx_word' id='word_1_422' title='bbox 583 2856 640 2895; x_wconf 86' lang='lat' dir='ltr'>qrtem</span> <span class='ocrx_word' id='word_1_423' title='bbox 657 2844 763 2896; x_wconf 86' lang='lat' dir='ltr'>aliquoties</span> <span class='ocrx_word' id='word_1_424' title='bbox 779 2845 826 2885; x_wconf 89' lang='lat' dir='ltr'>citat</span> <span class='ocrx_word' id='word_1_425' title='bbox 840 2847 940 2892; x_wconf 83' lang='lat' dir='ltr'>irenaeus,</span> 
     </span>
     <span class='ocr_line' id='line_1_47' title="bbox 94 2899 965 2955; baseline -0.002 -13"><span class='ocrx_word' id='word_1_426' title='bbox 94 2901 205 2947; x_wconf 81' lang='lat' dir='ltr'>Miltiades,</span> <span class='ocrx_word' id='word_1_427' title='bbox 227 2899 334 2946; x_wconf 87' lang='lat' dir='ltr'>Proculus,</span> <span class='ocrx_word' id='word_1_428' title='bbox 358 2905 377 2939; x_wconf 91' lang='lat' dir='ltr'>et</span> <span class='ocrx_word' id='word_1_429' title='bbox 396 2899 540 2946; x_wconf 70' lang='lat' dir='ltr'>teruntianos,</span> <span class='ocrx_word' id='word_1_430' title='bbox 567 2900 623 2939; x_wconf 79' lang='lat' dir='ltr'>carius</span> <span class='ocrx_word' id='word_1_431' title='bbox 641 2900 704 2941; x_wconf 90' lang='lat' dir='ltr'>libros</span> <span class='ocrx_word' id='word_1_432' title='bbox 725 2914 775 2955; x_wconf 89' lang='lat' dir='ltr'>quos</span> <span class='ocrx_word' id='word_1_433' title='bbox 794 2902 941 2943; x_wconf 85' lang='lat' dir='ltr'>eruditissimos</span> <span class='ocrx_word' id='word_1_434' title='bbox 964 2949 965 2952; x_wconf 11' lang='grc' dir='ltr'><strong>Ἴ</strong></span> 
     </span>
     <span class='ocr_line' id='line_1_48' title="bbox 95 2956 942 3011; baseline -0.004 -12"><span class='ocrx_word' id='word_1_435' title='bbox 95 2958 178 3011; x_wconf 88' lang='lat' dir='ltr'>scripsit</span> <span class='ocrx_word' id='word_1_436' title='bbox 193 2958 288 2997; x_wconf 88' lang='lat' dir='ltr'>adversus</span> <span class='ocrx_word' id='word_1_437' title='bbox 296 2956 444 2997; x_wconf 73' lang='lat' dir='ltr'>Valentinianos</span> <span class='ocrx_word' id='word_1_438' title='bbox 461 2956 616 3004; x_wconf 81' lang='lat' dir='ltr'>etblarcionem,</span> <span class='ocrx_word' id='word_1_439' title='bbox 632 2965 735 3009; x_wconf 87' lang='lat' dir='ltr'>praeterea</span> <span class='ocrx_word' id='word_1_440' title='bbox 751 2958 775 2998; x_wconf 89' lang='lat' dir='ltr'>de</span> <span class='ocrx_word' id='word_1_441' title='bbox 790 2959 908 3000; x_wconf 83' lang='lat' dir='ltr'>haeresibus</span> <span class='ocrx_word' id='word_1_442' title='bbox 924 2963 942 2998; x_wconf 89' lang='lat' dir='ltr'>et</span> 
     </span>
     <span class='ocr_line' id='line_1_49' title="bbox 94 3013 941 3066; baseline -0.002 -10"><span class='ocrx_word' id='word_1_443' title='bbox 94 3015 243 3056; x_wconf 86' lang='lat' dir='ltr'>haereticorum</span> <span class='ocrx_word' id='word_1_444' title='bbox 256 3013 397 3065; x_wconf 81' lang='lat' dir='ltr'>praescriptis,</span> <span class='ocrx_word' id='word_1_445' title='bbox 417 3014 434 3053; x_wconf 93' lang='lat' dir='ltr'>si</span> <span class='ocrx_word' id='word_1_446' title='bbox 450 3014 495 3065; x_wconf 89' lang='lat' dir='ltr'>quis</span> <span class='ocrx_word' id='word_1_447' title='bbox 510 3013 576 3064; x_wconf 76' lang='lat' dir='ltr'>legere</span> <span class='ocrx_word' id='word_1_448' title='bbox 591 3027 631 3054; x_wconf 91' lang='lat' dir='ltr'>non</span> <span class='ocrx_word' id='word_1_449' title='bbox 647 3015 766 3066; x_wconf 74' lang='lat' dir='ltr'>gravabitur,</span> <span class='ocrx_word' id='word_1_450' title='bbox 782 3016 856 3057; x_wconf 91' lang='lat' dir='ltr'>rectius</span> <span class='ocrx_word' id='word_1_451' title='bbox 868 3016 941 3057; x_wconf 89' lang='lat' dir='ltr'>intelli-</span> 
     </span>
     <span class='ocr_line' id='line_1_50' title="bbox 94 3069 357 3124; baseline -0.019 -11"><span class='ocrx_word' id='word_1_452' title='bbox 94 3079 128 3124; x_wconf 75' lang='lat' dir='ltr'>get</span> <span class='ocrx_word' id='word_1_453' title='bbox 142 3073 180 3114; x_wconf 85' lang='lat' dir='ltr'>has</span> <span class='ocrx_word' id='word_1_454' title='bbox 195 3070 273 3112; x_wconf 83' lang='lat' dir='ltr'>irenaei</span> <span class='ocrx_word' id='word_1_455' title='bbox 287 3069 357 3110; x_wconf 89' lang='lat' dir='ltr'>libros.</span> 
     </span>
    </p>
   </div>
   <div class='ocr_carea' id='block_1_3' title="bbox 0 0 976 3304">
    <p class='ocr_par' dir='ltr' id='par_1_3' title="bbox 0 0 976 3304">
     <span class='ocr_line' id='line_1_51' title="bbox 0 0 976 3304; baseline 0 0"><span class='ocrx_word' id='word_1_456' title='bbox 0 0 976 3304; x_wconf 95' lang='lat' dir='ltr'> </span> 
     </span>
    </p>
   </div>
  </div>
 </body>
</html>
