1936 3304
77 185 117 224 442
197 195 223 222 lr.
246 195 377 224 ntssnnrtrto
395 195 532 224 brococurlca
546 196 572 223 DE
587 196 712 224 FRAGMENTIS
728 195 808 223 tunnam

77 307 114 334 noc
130 294 207 336 solvere
223 297 259 337 3331
274 298 355 350 penitus
368 295 495 336 dissimulare
510 300 530 335 et
545 295 615 336 saltem
631 295 664 335 bie
679 296 721 336 31133
736 308 824 348 carpere,
840 296 859 336 id
876 298 928 348 qnod

77 351 165 392 3131333133
181 365 264 394 caussae
280 354 376 394 indicium
392 366 436 394 esse
451 353 504 393 haud
519 352 594 405 absque
609 352 686 393 ratione
702 353 746 405 quis
762 352 911 394 existimaverit.

133 521 199 575 Repe
192 523 215 562 tit
238 522 310 562 deinde
330 529 399 562 3333333
417 528 507 562 nostram
527 522 552 561 de
573 521 724 562 consecratione
743 528 812 562 senen
814 526 862 562 ram
882 521 929 561 clar.

77 578 339 626 nttsoe1os,tusti1aonmm
354 578 431 618 3333333
445 578 561 631 Dionysium
575 579 648 641 Areop.
663 573 779 631 3333333333
793 590 833 618 non
847 578 929 619 habere.

78 635 114 673 Ast
106 640 192 686 tneque
208 647 245 674 nos
260 635 392 683 affirmamus,
412 636 497 675 formam
518 634 675 675 consecrationis
690 633 712 673 in
727 595 850 690 3333333333,
871 640 931 687 prtou

79 690 128 729 13333
142 704 180 729 333
195 692 293 743 queniam
308 704 390 743 precum
406 692 511 731 sornndam
526 692 623 741 designat,
612 690 759 738 333333333333.
775 696 809 730 333
801 691 930 730 3133333131-

79 759 117 797 que
136 747 184 786 olim
204 747 327 796 obtinuisse,
348 748 433 799 liturgiis
449 748 558 799 missisque
574 747 662 799 antiquis
678 747 749 787 mirum
766 747 785 786 in
801 747 881 787 modum
897 747 931 787 hic

77 803 201 843 variantibus
209 805 232 855 1),
247 812 269 844 ut
284 810 391 853 taceamus,
407 817 444 844 nee
459 805 539 856 plenam
553 804 585 844 331
600 803 695 844 3133333333
711 817 737 844 m.
752 803 783 843 vei
792 816 801 843 3
811 803 905 855 Dionysio
913 801 930 854 2)

78 859 145 911 precis
160 862 321 901 consecratoriae
337 861 493 913 descriptionem
509 860 574 899 3131333
587 872 640 900 esse.
670 860 932 912 11333333013333331333333333

78 916 160 956 addueit
179 918 321 965 affirmantem,
340 918 393 969 qnod
412 916 524 968 baptismus
541 922 560 956 et
575 928 632 956 33333
649 928 710 956 33333
725 916 791 957 uerbis
807 916 881 957 Christi
896 916 930 956 331-

78 972 228 1023 ministrentur,
244 979 332 1013 nostram
348 973 601 1014 333313331333331333313333
617 973 736 1025 assequitur.
767 972 862 1020 Quamvis
878 973 931 1013 enim

79 1041 119 1068 non
134 1042 237 1080 negemus,
254 1031 306 1082 quod
322 1031 467 1070 administratio
482 1029 576 1082 baptismi
592 1035 612 1069 33
627 1043 643 1070 s.
658 1042 734 1069 coenae
748 1030 793 1069 tieri
808 1029 931 1070 debeatcer-

80 1086 108 1125 333
126 1086 209 1133 Cbrr'tsr',
226 1086 327 1127 idtamcn
342 1092 362 1126 et
377 1088 467 1139 33333313
484 1086 558 1126 Christi
573 1086 648 1126 inducti
664 1086 765 1134 addimus,
782 1086 846 1138 quod,
862 1099 931 1139 quem-

80 1142 187 1182 admodum
202 1143 268 1183 Christ
261 1148 293 1183 tus
308 1143 329 1182 in
345 1144 497 1183 consecratione
513 1142 696 1183 333133333133333
659 1155 712 1193 3333
699 1145 736 1183 trus
752 1144 807 1194 rpite
798 1142 931 1190 3133333333,

80 1197 135 1238 31331
141 1208 231 1251 33333331
233 1203 311 1252 iusuper
311 1208 352 1240 333
346 1201 430 1241 33333313
422 1212 473 1240 rcere
465 1198 597 1247 ec‚iebeamus
607 1199 707 1251 quodnisi
713 1199 816 1246 iaciamus,
821 1206 842 1239 ut
844 1199 932 1251 iquencc

81 1255 384 1307 1333333333333331131133333
392 1257 445 1303 33333
461 1268 499 1295 ereo
508 1256 566 1295 ettam
569 1257 654 1307 333333
661 1255 876 1303 esteonseerabinms
890 1256 932 1295 Nec

81 1316 118 1357 est,
128 1312 205 1363 (3333313
198 1270 251 1352 dieait
244 1314 295 1353 1333
310 1313 357 1352 3133,
372 1325 410 1353 333
426 1314 511 1365 ipsosr
497 1312 675 1363 33333333333333313
685 1312 836 1352 33333333313333
844 1312 931 1352 incertos

80 1367 169 1415 haerere,
186 1381 245 1420 quum
261 1375 351 1409 3333313
354 1375 439 1416 tiramus,
456 1369 528 1432 quod
523 1382 544 1408 m
560 1364 675 1463 3333333333
690 1368 740 1408 vei
735 1381 776 1420 inp
770 1368 933 1408 treoihuscousi-

81 1430 252 1471 statuentem
269 1426 401 1473 affirmemus,
418 1425 491 1477 quod'
486 1437 507 1464 333
521 1424 608 1465 verbis
603 1430 651 1465 mstr
645 1424 736 1464 3133333333
751 1437 774 1464 33
790 1424 828 1464 3333
843 1425 879 1473 331,
895 1425 932 1469 313-

81 1481 197 1533 quandoet
190 1481 251 1521 tduo
265 1482 316 1522 haec
331 1482 475 1522 333331333333333.
506 1481 564 1529 Quod
584 1481 675 1521 ultimum
690 1481 880 1521 sarreverissimum
896 1487 932 1521 333.

80 1537 160 1576 Etenim
175 1550 283 1601 nimquam
292 1539 403 1602 statuimus,
420 1538 591 1578 consecrationem
607 1537 657 1577 331
652 1550 673 1576 33
689 1536 732 1578 3313
747 1532 863 1593 3333333333
873 1538 933 1578 33133

82 1593 132 1633 33133
152 1594 241 1634 333·333’
236 1599 284 1634 333313
286 1595 370 1635 tutionis
386 1594 510 1642 consistere,
530 1594 565 1633 sed
581 1594 676 1642 diunius,
693 1560 844 1634 consecrantelm
860 1594 933 1634 debere

81 1650 193 1698 iacereid
211 1651 370 1702 (33331313333333
385 1652 442 1698 foer
459 1654 478 1692 t.
494 1659 571 1704 333333
587 1657 680 1701 operer
672 1652 724 1691 tabe
725 1651 819 1698 33133333,
836 1653 854 1691 2.
872 1664 903 1691 ve
897 1652 934 1691 33

81 1682 511 1759 3333313333333333331333).1333333333
531 1707 570 1746 sibi
586 1707 733 1753 contradicant,
753 1707 811 1746 facite
827 1707 933 1747 diiudicari

82 1770 117 1814 p
88 1768 155 1802 otest
185 1764 223 1803 Ubi
241 1777 287 1803 vero
307 1765 402 1815 33333313
375 1765 508 1811 thiemarus,
529 1764 701 1803 consecrationem
721 1764 741 1802 in
756 1763 850 1815 precihus
866 1764 934 1803 oonsi-

83 1825 137 1858 stere
152 1832 193 1859 non
208 1833 275 1871 posse,
292 1833 352 1871 equum
367 1820 459 1860 minister
475 1831 596 1859 3333333333
611 1832 718 1871 personam
734 1819 808 1860 Christi
823 1820 858 1859 hic
872 1826 934 1872 gerat,

83 1887 124 1915 333333
141 1875 239 1923 observat,
256 1889 301 1916 esse
315 1878 368 1916 hano
384 1876 518 1916 obiectionom
533 1875 597 1915 Baith.
613 1875 712 1923 Corderii,
729 1888 787 1927 quam
802 1876 879 1928 prolixe
894 1877 934 1916 iam

82 1930 270 1982 3131334)3131333333.
301 1933 340 1972 Sed
356 1939 422 1972 tamen
439 1932 529 1972 Christus
545 1932 600 1971 addit
617 1932 681 1979 idem,
704 1937 724 1971 et
738 1931 787 1971 alias
805 1933 878 1983 gratias
894 1934 935 1984 egit

82 1996 102 2028 et
116 1988 219 2029 benedixit
233 1989 287 2040 pam,
303 2002 364 2041 3333333
379 1995 525 2029 sacramentum
541 2000 615 2028 coenae
630 2000 671 2027 non
687 1988 840 2028 administraret.
862 1990 935 2030 Verum

83 2049 103 2084 et
116 2044 164 2084 huic
179 2044 240 2084 dubio
255 2045 313 2084 133313
329 2046 407 2085 obuiam
422 2045 468 2093 itur,
484 2046 502 2084 si
517 2044 579 2092 313333,
595 2044 662 2097 ipsum
677 2044 735 2084 aliam
750 2045 866 2086 adhibuisse
873 2047 934 2087 hene-

84 2100 202 2148 dictionem,
222 2101 255 2141 ubi
276 2102 463 2153 33133333333333333
480 2101 592 2149 distribuit,
613 2101 680 2150 aliam,
698 2100 934 2154 33133333133333333333335).

82 2157 155 2197 Ultima
171 2158 257 2197 obiectio
273 2164 309 2206 est,
326 2159 344 2197 si
360 2158 492 2198 eucharistiae
508 2158 633 2198 consecratio
648 2158 669 2197 in
683 2157 806 2208 preeihuset
816 2159 934 2199 recitatione

81 2214 188 2253 verborum
203 2214 336 2254 institutionis
352 2215 459 2260 consistat,
475 2214 577 2265 apostotos
592 2225 693 2265 3333333333
709 2224 849 2262 consecrasse,
864 2220 935 2266 utpote

84 2282 169 2322 qumum
185 2271 318 2318 corrsecratio,
333 2270 435 2309 nobismet
450 2270 500 2321 ipsis
516 2269 635 2317 fatentibus,
651 2269 717 2308 breuis
733 2274 753 2309 et
768 2269 852 2323 simplex
867 2271 934 2312 fuerit.

83 2327 119 2365 333
135 2339 196 2378 qutun
211 2338 313 2379 nunquam
322 2326 492 2374 asfirmaverimus,
509 2325 620 2366 orationem
628 2325 798 2365 consecratoriam
806 2327 880 2369 debere
889 2340 934 2369 esse

83 2528 122 2560 33333
133 2521 274 2560 auporrropott'oois
286 2520 329 2561 333331
341 2525 397 2552 vocant
409 2521 468 2559 133333,
481 2520 508 2552 ubi
521 2529 559 2551 saue
572 2519 629 2560 cuique
642 2518 689 2560 piena
699 2519 715 2550 in
723 2519 805 2560 eligendis,
818 2522 935 2562 quaeretutare

83 2563 125 2603 33131,
138 2565 236 2604 argumentis
248 2565 314 2596 libertas
327 2570 356 2604 est,
370 2575 418 2606 quum
431 2575 481 2606 nugas
494 2571 553 2605 ageret.
567 2565 600 2596 suis
613 2564 640 2604 qui
652 2568 726 2596 coercere
738 2565 814 2597 limitibus
826 2566 878 2598 331131.

130 2608 146 2647 1)
158 2610 196 2641 Vide
208 2610 251 2641 card.
263 2609 323 2641 Bonam
336 2610 443 2642 11333331..
456 2611 468 2641 t.
482 2610 498 2642 C.
512 2611 527 2643 a.
540 2608 555 2651 ξ.
570 2609 585 2640 t.
610 2610 681 2650 11333333
694 2611 779 2650 negaverit,
792 2611 849 2643 missas
862 2612 935 2644 31133333·-

84 2654 118 2692 gias
129 2659 190 2685 veteres
203 2665 258 2686 seeum
271 2655 337 2686 33333333
350 2656 427 2694 33313333,
440 2655 466 2686 uhi
479 2655 525 2686 133313
538 2654 635 2696 dispaleseet
646 2654 732 2686 diversitas.
756 2656 800 2688 Adde
813 2656 851 2688 diss⁴
859 2657 879 2689 de
886 2657 935 2689 obtat.

84 2704 113 2729 333.
126 2699 170 2730 ench.
184 2697 201 2740 ξ.
213 2699 240 2731 to.
256 2710 271 2740 p⁴
284 2698 322 2731 331.

130 2742 146 2783 2)
158 2744 191 2775 Nec
203 2745 234 2776 diei
246 2750 305 2786 potest,
318 2744 410 2785 Dionysium
423 2742 518 2784 ἐπίκλησιν
530 2754 562 2775 333
575 2744 672 2775 omissurum
684 2745 739 2783 inisse,
752 2746 766 2778 si
778 2746 936 2780 13333313313333333

85 2789 190 2820 errcharistiao
202 2790 316 2821 conficiendam
330 2790 430 2829 necessaria,
443 2799 491 2832 quum
505 2799 534 2820 nee
546 2788 644 2820 oblationem
656 2789 669 2820 is
682 2794 769 2830 memoret,
782 2801 829 2832 quam
841 2796 894 2824 tamen
906 2803 935 2824 ne-

85 2834 172 2865 eessariam
185 2843 226 2872 esse,
239 2835 295 2866 silente
308 2835 345 2866 ticet
356 2834 442 2875 Dionysio,
454 2834 497 2866 133331
509 2834 605 2865 inficiabitur
618 2834 679 2865 clariss
691 2835 780 2868 1133333333.
803 2836 841 2868 113313
854 2837 892 2869 3133.
905 2848 935 2870 no-

85 2883 133 2909 stram
147 2878 166 2910 de
179 2878 260 2910 oblatione
272 2884 343 2911 veterum
355 2880 460 2911 euetraristiea
471 2890 488 2921 p.
501 2878 540 2911 325.

131 2922 147 2962 3)
160 2924 206 2955 Cant.
219 2923 257 2955 diss.
271 2924 290 2955 de
303 2934 374 2956 conseer.
387 2930 416 2956 ret,
430 2925 475 2956 euch.
488 2921 505 2965 §
518 2923 545 2955 24.

131 2968 148 3006 4)
159 2968 197 2999 rito
209 2968 248 3000 diss.
261 2968 280 3000 de
293 2978 364 3001 censeor.
377 2973 406 3001 ret.
419 2970 465 3001 33313,
478 2966 494 3009 ᾖ.
509 2968 534 3000 14.
546 2977 562 3009 p.
575 2967 614 3000 2130.
626 2967 664 3000 437.

131 3011 148 3050 5)
160 3013 197 3044 Vide
210 3014 247 3045 diss
261 3013 280 3046 de
293 3023 364 3046 conseer.
377 3019 406 3046 331.
420 3015 465 3046 eneti,
478 3011 495 3054 ξ.
509 3013 524 3045 1.
