1936 3304
76 196 117 237 394
274 208 304 237 111.
326 209 422 237 scirroms
438 209 519 237 uxoren
535 208 634 237 xrxsrotx
648 210 731 238 xerxnx.

76 307 160 348 dissime
183 313 252 360 pater,
276 310 370 361 quostiam
390 315 409 349 te
424 310 511 349 iudicem
526 323 591 361 neque
605 310 636 349 vir
651 310 684 350 ille
700 309 790 351 eruditus
805 309 929 358 reformidat,

77 377 174 417 exponam
190 366 252 414 brevi,
269 366 321 417 qnod
337 378 435 416 reponere
450 366 500 406 mibi
515 379 576 418 posse
590 366 675 406 videtur.

132 422 200 462 Prima
216 422 320 462 dubitandi
334 422 392 470 ratio,
408 429 474 462 utmm
490 424 568 463 scilicet
585 424 694 474 fragmenta
709 424 760 462 baec
775 427 844 462 essent
858 435 930 474 reapse

77 490 94 517 ε.
110 479 194 519 lrenaeo
212 479 324 524 tribuenda,
342 492 365 517 ex
380 492 404 518 eo
419 479 469 518 milri
485 481 566 520 suborta
583 485 622 527 est,
638 480 691 532 quod
705 480 794 519 viderem
810 480 859 518 baec
874 479 930 518 illum

76 535 162 575 traxisse
178 549 188 575 a
205 535 286 574 catenis.
316 535 369 574 rratt
386 537 473 588 reponit,
494 537 546 576 dicta
566 537 604 577 ΡΡ.
625 549 675 588 [puae
694 543 775 575 catenae
791 536 894 575 continent
910 540 931 574 nt

76 592 184 643 plurimum
200 591 322 642 autographa
339 605 384 631 esse
400 593 473 633 solere.
502 595 528 633 At
543 606 578 644 ego
595 593 637 642 aio,
657 593 678 632 in
697 592 746 632 milri
762 592 868 643 alicpxanelo
885 605 930 631 exa-

77 648 160 688 minanti
175 661 214 687 non
230 648 257 687 ita
273 647 372 689 evenisse.
399 649 477 689 Catella
492 650 546 690 inter
560 650 616 690 llSS.
632 663 676 690 mea
692 661 762 700 graeca
778 648 799 687 ixx
815 649 864 688 satis
880 648 930 688 anti-

78 705 122 756 quis
137 704 259 744 membranis
276 704 365 757 satisque
381 706 491 746 ememlatis
507 706 557 746 milri
572 714 608 756 θεῖ,
624 707 645 746 in
661 719 698 758 qua
715 705 779 758 quoad
794 706 882 757 praefixa
894 717 930 744 no·

76 761 142 810 mina,
162 766 227 800 errata
241 761 310 801 ridere
326 767 357 801 est
372 775 395 802 ac
410 775 474 815 prope
489 763 605 803 innumeras
620 764 788 816 perturbationes.
819 762 859 801 Sed
874 762 930 801 mss.

77 823 198 864 catenarum
215 818 280 857 editae
297 831 346 869 qliae
362 827 414 867 sunt,
431 825 546 870 argumento
562 833 607 860 esse
624 826 709 872 qucum,
726 831 776 872 quac
792 831 840 868 sane
856 818 879 856 ab
889 818 931 857 edi-

78 881 143 914 torum
166 875 269 925 diligentia
292 876 414 915 credendum
437 882 468 915 est
490 877 542 915 sacta
561 877 624 916 luisse
643 877 734 916 meliora.
767 875 811 914 Huc
826 875 930 923 andraeam,

78 931 131 982 qum
154 931 257 971 observari
279 931 299 969 in
315 932 439 982 amplissima
458 944 482 970 ac
501 932 665 983 splemlidissima
685 932 775 972 omnium
790 944 837 971 cusa
854 937 930 980 catena7

77 1000 149 1039 nempe
164 987 185 1026 in
201 986 319 1027 cordesiana
334 987 355 1026 in
370 988 465 1039 psalmos,
482 1001 541 1039 (piram
556 989 600 1028 iure
616 989 692 1040 optimo
705 988 931 1029 ermlitissinmsFabri-

78 1044 120 1084 cius
137 1044 220 1084 aliarum
236 1044 385 1095 comparatione
400 1050 458 1084 vocat
478 1045 558 1097 plemam
575 1059 597 1086 ec
609 1046 722 1098 perfectior
739 1058 788 1096 opos
798 1043 819 1095 ¹),
840 1057 931 1096 nixaeque

76 1101 133 1140 valde
156 1101 245 1147 laudata,
268 1100 398 1152 adhibitaque
414 1114 425 1141 a
440 1101 515 1150 multis,
538 1108 618 1142 rectene
635 1103 699 1142 adhuc
715 1107 734 1141 et
749 1101 856 1152 diligenter
871 1101 932 1140 luerit

78 1158 102 1197 ab
118 1157 184 1209 aliquo
200 1158 297 1197 hactenns
313 1158 430 1206 examinata,
448 1171 458 1198 a
473 1158 689 1210 meplaueignoxatur.
719 1159 763 1198 Non
771 1157 932 1210 praetergrediar

78 1215 177 1266 psalmum
192 1214 286 1265 prinmm,
302 1227 327 1253 ne
341 1215 421 1266 longior
436 1216 482 1254 fiam
496 1215 564 1255 nimis.
593 1216 616 1255 ln
637 1216 702 1267 ipsum
722 1215 788 1266 itaque
808 1227 849 1253 non
864 1214 931 1254 brevis

79 1270 218 1322 interpretatio
235 1272 323 1318 affertur,
340 1284 376 1310 ceu
392 1272 479 1311 auctoris
495 1272 558 1322 ignoti
575 1277 594 1312 et
606 1272 705 1324 arrorxpmi,
722 1271 846 1323 (prxxmhaec,
863 1284 931 1323 [liram-

80 1339 139 1379 qnam
154 1326 240 1378 sparsim
256 1332 327 1373 sumta,
343 1333 364 1366 ut
379 1334 494 1367 catenarum
509 1341 553 1368 mos
569 1334 609 1376 est,
625 1329 718 1368 xrsriuersa
733 1328 871 1379 interpretatio
887 1341 897 1367 a
913 1340 930 1367 s.

78 1384 153 1422 Rasilio
169 1384 240 1422 hausta
255 1383 299 1422 fnit.
329 1384 403 1423 Textus
419 1384 524 1423 adducitur
539 1385 597 1424 veluti
614 1384 849 1432 TheodoriAntioclrenb
865 1384 885 1422 in
901 1389 932 1423 est

78 1439 215 1491 blopsuesteni
238 1439 303 1488 (cuius
326 1440 367 1478 vicli
382 1441 476 1480 Venetiae
498 1441 586 1480 ineditos
609 1442 763 1481 connnentarios
786 1440 807 1479 in
822 1441 931 1492 prophetas

78 1497 175 1546 minores)
196 1502 215 1536 et
234 1503 265 1536 est
280 1495 409 1537 Theodoreti.
439 1497 513 1537 'textus
534 1498 583 1537 alter
603 1497 663 1538 etiam
678 1497 779 1537 Theodori
794 1510 867 1536 nornen
883 1510 931 1548 prae

79 1554 154 1601 selert,
171 1553 224 1604 qnod
239 1553 264 1593 cle
272 1552 379 1592 Theodoro
388 1553 513 1593 Antiocheno
529 1559 623 1606 tanquam
639 1568 699 1606 snpra
714 1554 793 1594 laudato
810 1555 932 1594 censendum

72 1615 116 1657 cst,
133 1610 168 1649 sed
183 1614 251 1649 tamen
266 1609 286 1647 in
303 1615 371 1649 catena
379 1610 500 1662 Lippornani
516 1611 569 1650 idem
578 1617 643 1650 textus
651 1611 745 1650 tribuitur
753 1611 860 1650 Theodoro
868 1611 931 1650 Hera-

79 1667 161 1712 cleotae,
178 1666 211 1717 qm
227 1671 292 1705 terrica
301 1666 428 1706 Tlreodoreto
446 1667 511 1707 eidem
519 1668 637 1707 tribuendus
645 1674 682 1707 θεῖ.
714 1668 786 1708 Contra
798 1680 845 1707 vero
854 1673 931 1719 septem

79 1723 100 1761 in
114 1723 165 1762 locis
181 1722 273 1762 laudatur
288 1723 434 1771 Tlreodoretus,
458 1737 518 1775 quim]
534 1725 596 1763 semel
610 1725 688 1764 tantum*
701 1725 721 1763 in
736 1724 801 1775 primo
816 1724 861 1763 loco
878 1729 932 1763 esset

78 1779 197 1818 laudandus.
227 1779 277 1818 Nam
296 1779 349 1830 quod
369 1780 398 1818 illi
416 1781 461 1819 loco
477 1781 565 1820 secumlo
582 1781 681 1827 tribuitur,
696 1781 833 1833 Lippomauus
848 1781 931 1820 traxisse

79 1836 158 1875 videtur
173 1849 184 1874 a
199 1835 292 1886 Didymo,
314 1836 366 1886 quon
387 1836 446 1875 tertio
466 1837 510 1876 loco
530 1838 600 1888 paucis
619 1837 701 1876 mutatis
717 1842 747 1876 est
761 1836 844 1876 Eusebii
861 1842 932 1876 textus.

78 1893 128 1931 Pars
143 1891 208 1943 prima
225 1896 287 1931 textus
304 1892 368 1942 quarti
384 1897 415 1931 est
430 1905 446 1932 s.
460 1891 593 1943 Atlrarrasii²t‚
609 1898 722 1944 postremae
737 1893 800 1944 partis
816 1898 932 1933 auctorest

79 1949 226 1996 'l'beocloretus
243 1960 303 1999 [pretim
318 1953 385 1987 tarnen
400 1949 459 1999 plane
474 1949 575 1989 diversum
590 1951 721 2000 fragmentum
738 1949 764 1988 sit
779 1949 803 1988 ob
812 1949 851 1989 alio
859 1950 931 1989 hausto

79 2005 102 2044 ab
117 2005 212 2044 Vaticana
231 2010 313 2051 catena,
334 2005 386 2055 quod
402 2005 423 2044 in
438 2006 508 2045 eadem
523 2006 582 2045 verba
598 2006 682 2045 babetur
697 2006 717 2045 in
732 2005 802 2045 ultimo
818 2006 881 2045 Temo
897 2006 931 2046 al-

79 2061 121 2100 dito
138 2061 218 2112 uiridem
233 2061 257 2100 ab
272 2061 295 2099 P.
312 2060 407 2100 Garnerio
424 2062 508 2101 editioni
524 2060 709 2113 Sir·rmrmlianae³).
740 2061 814 2109 Quinto
830 2063 875 2102 loco
891 2075 932 2102 non

79 2117 119 2157 sibi
140 2116 229 2156 vindieat
243 2117 382 2157 Tlxeodoretus
404 2118 443 2157 nisi
462 2119 522 2158 verba
541 2119 616 2170 pruna,
640 2119 712 2171 (peribus
732 2119 817 2158 fortasse
837 2132 886 2159 usus
901 2124 932 2159 est

80 2179 149 2214 auctor
165 2179 228 2213 textus
244 2172 304 2213 illius.
335 2174 390 2213 Sexti
408 2174 488 2214 initium
508 2177 647 2225 cognationem
663 2176 750 2227 aliquam
765 2175 839 2215 habere
854 2176 932 2216 videtur

79 2243 125 2270 cum
145 2230 278 2282 explicatione
296 2229 391 2269 versiculi
410 2231 463 2269 tertii
486 2231 538 2270 sacta
560 2244 571 2270 a
593 2232 706 2283 Nicephoro
728 2231 851 2279 Blemmicla,
875 2232 931 2272 cuius

79 2286 178 2326 ineditum
202 2299 253 2337 opus
278 2285 299 2324 in
321 2286 454 2335 Psalterium‚
478 2287 531 2338 qnod
555 2288 637 2327 difficile
657 2288 736 2327 inventu
753 2293 793 2332 est,
816 2288 880 2328 liabeo
896 2289 931 2328 (ln-

79 2343 131 2395 plex.
160 2343 233 2382 Verum
250 2341 386 2394 cuiuscunque
402 2343 438 2391 sit7
454 2356 519 2395 neque
534 2343 577 2391 liic,
594 2357 658 2396 neque
673 2352 775 2395 postremo
790 2344 835 2384 loco
852 2346 885 2397 qui
900 2359 931 2385 se-

80 2401 148 2452 qnitur
162 2404 239 2447 textus,
259 2398 387 2450 reperiuntur
405 2400 426 2439 in
442 2401 591 2440 commentariis
607 2401 736 2440 'theodoreti
766 2401 795 2440 lta
809 2407 875 2441 textus
890 2402 931 2454 pri-

79 2469 123 2495 mus
138 2456 231 2495 laudatus
246 2467 291 2507 pag.
310 2457 342 2496 15.
358 2468 399 2495 non
414 2464 445 2496 est
459 2457 548 2497 Eusebii.
579 2457 629 2505 Quis
644 2470 704 2509 porro
721 2456 764 2505 scit,
782 2470 806 2497 an
815 2458 835 2497 in
845 2458 932 2498 decursu

80 2518 145 2552 textus
161 2512 234 2564 aliquis
251 2512 378 2552 ceuEnsebii
393 2513 485 2553 laudatus
500 2514 521 2553 in
537 2519 611 2561 catena,
628 2513 700 2553 similis
716 2527 739 2553 cx
754 2527 777 2553 eo
794 2527 833 2554 non
849 2515 876 2554 sit
890 2521 931 2555 tex-

79 2569 107 2609 tui
124 2569 203 2608 crudam
219 2569 408 2609 commentariorum
423 2583 446 2610 ex
461 2583 491 2619 eo,
508 2571 562 2623 quod
571 2584 588 2610 a
604 2576 673 2611 catena
681 2570 701 2610 in
710 2571 864 2611 commentarios
872 2572 932 2612 fuerit

79 2623 227 2676 trarxslatnsb?

136 2682 161 2721 At
176 2683 200 2721 dc
215 2681 415 2732 interpretationibus
431 2683 454 2722 ab
470 2683 552 2723 ineditis
568 2683 663 2734 operibus
679 2684 779 2732 derivatis,
794 2685 825 2725 vel
836 2685 861 2725 ab
870 2698 931 2736 opere

80 2738 184 2789 deperdito
207 2750 277 2790 parum
298 2738 339 2777 aiei
360 2744 438 2789 potest,
461 2753 522 2791 quum
541 2740 568 2779 sit
584 2740 725 2791 utplurimum
741 2742 786 2781 aliis
802 2742 930 2782 credendum.

81 2794 202 2846 Comparare
221 2806 302 2845 possem
317 2800 382 2834 textus
397 2796 500 2847 llespcbii,
522 2796 539 2834 si
556 2796 648 2836 Venetiae
664 2810 740 2846 essem,
759 2798 794 2837 um
809 2798 876 2838 iuveni
890 2798 930 2838 iam

80 2862 141 2902 paruo
165 2851 186 2889 ixx
210 2851 279 2890 conice
302 2863 352 2903 opus
375 2864 432 2891 suum
453 2853 474 2892 in
489 2853 585 2905 psalmos.
616 2853 673 2900 Qxxorl
689 2856 741 2894 enim
756 2854 822 2907 primo
837 2855 882 2894 loco
897 2855 931 2894 hic

128 2986 143 3025 t)
155 2987 195 3018 Bibl.
209 2989 234 3020 Gr.
248 2987 278 3020 rol.
291 2987 306 3019 ἵ.
319 2998 334 3029 p.
348 2988 386 3022 742.
457 2989 473 3028 2}
485 2989 560 3020 Attianos.
574 2989 610 3021 edit.
624 2995 674 3031 pesti:
688 3002 703 3033 p,
718 2990 766 3023 tooo
835 2968 852 3031 3)
865 2991 901 3032 Peg.
915 2993 929 3024 Ἰ.

81 3031 97 3071 l]
110 3031 142 3064 vin.
155 3033 228 3073 praelim,
241 3043 276 3075 pag.
289 3032 303 3065 3.
