1936 3304
85 201 127 242 244
348 216 391 243 uun,
408 214 504 241 trstssuurt
521 213 649 240 DISSERTthO
666 214 688 240 lll

87 314 181 354 citatione
196 315 243 355 libri
258 316 342 363 horuch,
358 315 474 355 carronieam
490 315 533 354 eius
549 314 687 354 auctoritatem
702 320 756 354 reete
772 314 854 354 omniuo
863 314 938 365 colligit

85 372 231 412 lleuardentius
246 373 267 411 iu
282 373 335 411 uotis
351 373 375 412 ad
390 371 529 412 hunelreuaei
545 372 616 411 locum.
647 372 698 410 Eece
706 377 780 419 tamen,
795 371 937 411 inEeuardeu-

85 428 135 468 tium
151 429 237 479 insurgit
252 428 275 467 al.
286 429 370 468 Grahius
385 430 407 468 in
422 430 475 468 notis
491 429 540 476 suis,
556 441 641 480 eumque
655 428 774 467 hallucinari
791 428 876 479 graviter
890 441 937 479 pro

85 485 170 525 truntiat.
203 486 253 533 Quis
269 489 320 525 etaim
335 490 404 531 aesca,
420 486 490 537 inquil,
507 486 623 538 apmrpplut
638 488 715 536 scripto
731 485 833 525 sathiadeo
842 485 937 538 patrebus

86 541 190 595 olleqort'?
219 543 300 593 lloeque
317 543 484 594 apophthegmate
500 549 612 589 contentus,
628 541 764 581 aduersarium
779 547 901 593 prostratum
912 542 937 581 iri

86 599 175 639 cordidit.
205 599 283 649 Ergone
303 600 349 651 quia
370 601 483 652 apoerppha
498 600 573 651 scripta
589 599 674 639 subinde
690 611 699 638 a
716 598 806 650 patribus
821 599 937 650 allegantur,

86 656 154 695 statim
169 655 347 707 promrntiamlum,
363 669 408 696 euin
423 657 553 704 hallucinari,
574 657 607 708 qui
624 669 645 695 ex
661 668 731 695 eorum
746 655 841 695 citatione
858 655 938 707 colliget

85 713 158 752 librum
174 712 260 763 aliquem
277 713 394 753 carronierun
410 712 470 754 esset
501 713 521 753 Si
537 714 565 752 ita
581 713 613 759 sit,
629 712 669 751 iam
685 712 936 764 adversusGrnhiumpro-

86 770 131 808 deal
152 769 226 821 impius
246 769 328 821 aliquis,
353 770 386 822 qui
405 770 485 822 aliquod
505 783 516 809 e.
536 776 621 821 quatuor
636 769 753 820 evangeliis,
776 769 807 808 vel
822 769 899 820 aliquas
915 783 937 809 ex

86 826 178 878 epistolis
194 825 373 866 Pauli-aliorumre
397 827 533 880 apostolorum
557 840 580 866 er
602 826 647 866 albo
663 827 811 878 Scripturarum
826 832 937 877 expungat,

86 895 125 934 quo
142 889 258 934 ai‘gumento
274 884 327 923 hunc
343 885 454 923 consuatur
468 884 498 922 rir
513 881 653 923 clarissimus?
682 884 711 922 An
724 882 849 922 exeontiuua
859 890 936 934 patrum

86 945 106 979 et
121 940 252 979 conciliorum
269 940 363 980 citatione
378 942 464 992 probare
480 954 502 980 se
517 953 578 992 posse
594 941 677 991 putabit,
693 952 749 979 saera
765 940 815 979 haee
826 940 901 991 scripta
913 941 937 979 ab

86 996 179 1036 oumihus
194 996 292 1044 ecelesiis,
308 1004 342 1037 aut
356 997 439 1037 unuhna
455 997 525 1037 saltem
537 997 673 1045 ecelesiarum,
690 996 937 1048 ear‘umqucinsigniorum

85 1059 148 1105 parte,
164 1058 258 1105 tauquam
274 1055 370 1094 oarrouiea
386 1054 453 1094 habita
469 1067 549 1106 semper
563 1052 641 1093 fuisse?
670 1053 767 1093 luriotum
776 1053 856 1105 <pridem
865 1054 936 1092 ceteris

87 1115 118 1149 est
132 1116 279 1161 argumentum,
299 1112 335 1150 sed
350 1111 422 1150 Grahio
442 1124 525 1163 prorsus
544 1111 644 1151 infirmum
664 1116 683 1149 et
697 1110 775 1150 inutile.
805 1110 854 1149 Nam
869 1110 937 1149 statim

87 1173 179 1206 occurret
193 1168 274 1219 impius,
289 1168 366 1219 haeque
381 1169 441 1208 unica
456 1168 554 1209 Grahiaua
570 1167 713 1220 responsione,
729 1167 845 1219 aprocrpplao
860 1170 938 1218 scripto

88 1224 171 1264 subinde
186 1226 306 1276 caputiatos
322 1226 417 1278 olleqore',
438 1231 499 1264 totam
513 1225 553 1264 rim
568 1225 678 1275 argurneuti
695 1224 752 1263 facile
767 1224 868 1274 intringet,
889 1224 935 1263 Gra-

87 1281 183 1333 hiumque
197 1281 265 1332 ipsum
280 1282 303 1320 ad
320 1282 391 1322 incitas
407 1283 489 1333 rediget.
518 1282 563 1321 Nou
578 1282 639 1332 igitur
654 1294 677 1320 er
689 1294 711 1320 co
721 1282 774 1333 quod
782 1280 863 1333 quidam
870 1288 937 1332 patres

88 1338 201 1389 apocrppha
217 1339 316 1378 interdum
332 1339 406 1390 scripta
422 1338 556 1389 allegaverint,
572 1351 639 1378 eorum
656 1339 709 1378 illico
726 1338 819 1377 elevanda
835 1338 885 1377 tides
901 1345 937 1381 est,

89 1407 148 1445 qmun
170 1394 243 1434 librum
263 1395 348 1447 aliquem
369 1397 422 1435 relut
445 1396 563 1435 canonicum
579 1395 647 1435 citant.
677 1394 698 1436 Si
714 1395 795 1447 <pridem
810 1400 839 1433 tot
854 1400 874 1434 et
887 1395 938 1433 tanti

88 1458 129 1490 tam
144 1451 178 1491 diu
192 1458 272 1503 tamque
288 1453 402 1492 continuata
418 1452 471 1492 serie
483 1452 619 1504 apoorq‘phum
635 1453 734 1504 quoddam
743 1451 839 1502 scriptum
848 1451 937 1498 citarent,

89 1509 164 1559 quanti,
180 1521 279 1560 quamque
295 1509 329 1548 diu
343 1509 416 1549 librum
432 1509 550 1549 canonicum
557 1509 650 1560 allegant,
666 1509 825 1560 premeretlorte
838 1508 936 1547 Gmbiaua

90 1565 203 1604 difficultas.
233 1566 258 1605 m
272 1566 355 1605 multum
372 1566 433 1613 altest,
449 1572 471 1605 ut
485 1566 541 1618 paria
557 1566 598 1605 siut
612 1566 706 1618 utrinque
721 1571 828 1605 ruomenta.
859 1565 897 1612 Qui
912 1565 936 1603 li-

88 1621 146 1660 hrum
161 1623 296 1673 apocryphum
312 1623 364 1663 uelut
378 1636 456 1662 saenrm
472 1624 563 1671 oitaruut,
579 1624 638 1674 patiri
654 1629 706 1670 suut,
722 1634 760 1663 nee
774 1622 861 1662 obtinuit
868 1634 936 1661 eorum

89 1680 199 1728 sententia,
218 1679 278 1718 immo
297 1679 364 1732 potius
380 1680 451 1719 maiori
467 1680 597 1720 ecclesiarum
612 1686 668 1731 parte
683 1679 819 1731 praevalente,
842 1691 938 1720 successu

88 1736 185 1787 teurporis
200 1748 284 1787 prorsus
299 1736 403 1776 obsolevit.
433 1737 448 1776 E
468 1736 567 1776 contrario
587 1750 633 1776 roro
649 1738 695 1776 dum
710 1736 762 1776 liber
776 1735 859 1788 aliquis,
880 1748 937 1787 quem

89 1805 167 1831 sacrum
183 1792 279 1844 deinceps
295 1793 375 1843 agnovit
389 1793 480 1841 eeclesia,
497 1806 508 1832 a
522 1793 613 1845 patribus
625 1793 721 1845 allegatus
730 1799 766 1839 est,
782 1792 871 1844 quamtis
880 1792 938 1832 initio

89 1849 203 1888 dubitarent
217 1850 281 1897 rnrrlti,
296 1850 341 1901 quia
356 1850 423 1901 paullo
440 1850 544 1889 obscurior
560 1855 602 1890 erat
617 1864 639 1890 ea
656 1851 680 1890 de
695 1863 716 1889 re
728 1849 807 1889 traditio
817 1849 938 1901 apostolica,

89 1918 111 1944 ea
127 1911 203 1954 tamen,
223 1918 319 1946 successu
334 1907 442 1958 temporis,
462 1907 582 1946 accuratiori
596 1907 625 1946 rei
641 1907 740 1953 examine,
761 1907 898 1958 consultisque
913 1906 938 1945 iis

89 1962 191 2010 ecclesiis,
208 1963 229 2002 iu
249 1963 321 2015 quibus
337 1964 442 2004 notissima
458 1969 501 2004 erat
516 1972 535 2003 et
550 1964 665 2003 continuata
680 1964 821 2015 episcoporum
836 1962 938 2003 successio

89 2019 113 2058 ah
128 2019 232 2070 apostolis,
247 2021 357 2071 patefacta,
374 2021 453 2060 denuun
468 2022 492 2060 ad
507 2020 606 2073 liquidum
620 2021 721 2073 explorata
738 2020 826 2067 veritate,
842 2019 939 2059 caleulum

88 2077 189 2116 veteribus
211 2076 284 2116 adiecit
305 2076 398 2117 universa
421 2077 513 2118 ecelesia.
551 2078 599 2117 Tam
620 2078 738 2118 immensum
754 2082 834 2129 tamque
848 2083 939 2129 apertum

89 2133 198 2173 discrimen
214 2134 272 2173 lacile
287 2134 444 2174 animaduertere
460 2135 560 2186 potuisset
575 2135 665 2182 Graluus,
682 2134 722 2174 nisi
738 2134 858 2185 anticipatae
875 2133 938 2173 Calvi—

89 2190 194 2229 nianorum
212 2190 413 2243 Lutheranorurnque
432 2192 539 2242 opiniones
560 2192 626 2231 lueurn
646 2191 747 2231 fecissent.
786 2191 826 2231 Sed
845 2191 869 2230 de
888 2202 938 2229 raim

89 2247 132 2286 eius
148 2247 301 2295 ohieotiuncula,
318 2248 378 2287 toties
393 2248 521 2287 adatholicis
537 2248 628 2293 coutrita,
644 2248 683 2287 iam
699 2247 754 2287 satis.
783 2248 806 2287 ld
820 2252 902 2294 tantum,
917 2252 939 2285 ut

90 2303 114 2342 ad
128 2304 233 2343 Irenaeum
252 2309 348 2351 revertar,
369 2304 490 2344 addiderim:
511 2304 528 2343 si
543 2305 628 2344 Earurhi
643 2305 772 2356 Prophetiam
791 2304 827 2344 suh
842 2303 939 2343 Ieremiae

89 2361 171 2399 nomine
185 2361 301 2408 laudaverit,
316 2373 357 2400 uou
373 2362 436 2401 solum
452 2361 479 2400 ita
494 2361 612 2402 laudavisse.
642 2362 717 2402 Eodem
734 2361 807 2414 quippe
823 2360 939 2400 modoalle·

90 2429 159 2468 gavero
175 2417 267 2457 Clemens
281 2418 426 2458 alexandrinus
442 2418 476 2458 lib.
492 2432 505 2457 r.
522 2418 606 2469 Paedag.
623 2432 640 2458 e.
651 2418 670 2458 2.
686 2424 706 2458 et
720 2418 755 2458 lib.
771 2431 792 2458 u.
809 2430 825 2458 c.
835 2419 854 2458 3.
871 2416 939 2469 Cppri-

90 2487 139 2513 anus
155 2473 190 2514 lib.
205 2487 228 2514 u.
245 2475 355 2515 Testirnon.
372 2476 396 2515 ad
405 2475 482 2523 Quirin.
498 2480 517 2514 et
532 2476 552 2515 in
567 2475 824 2516 lihdeOratioueDonrin.
840 2474 939 2514 Eusebius

90 2530 110 2570 in
125 2530 182 2571 libris
195 2531 223 2572 de
238 2532 341 2572 llernoust.
361 2545 429 2584 evang,
444 2532 531 2572 Basilius
549 2532 584 2573 lib.
601 2546 626 2572 rr.
647 2540 699 2573 cont.
714 2533 798 2572 Eunom.
815 2537 834 2571 et
849 2531 883 2570 alii
897 2536 939 2570 turn

90 2588 167 2635 Graeci,
182 2589 320 2628 turuLatiui..r
334 2589 392 2629 Ratio
407 2591 499 2629 omnihus
515 2597 563 2629 uota
578 2597 614 2638 est,
631 2590 676 2642 quia
691 2590 786 2629 nimirum
793 2589 872 2629 Baruch
886 2588 939 2628 Iere-

89 2645 141 2685 ntiae
157 2645 267 2696 discipulus
283 2645 326 2694 luit,
342 2646 436 2699 illiusque
452 2646 559 2699 prophetia
573 2646 664 2697 rnaagistri
680 2647 731 2686 libro
747 2647 813 2686 iunota
830 2652 878 2684 erat,

148 2702 166 2741 5.
196 2702 302 2742 Librorum
310 2703 392 2750 Tobiae,
407 2704 483 2752 ludith,
499 2704 582 2751 Esther,
598 2704 782 2755 Paraliporneruou,
798 2702 939 2749 Ecclesiasaae,

91 2757 168 2798 Cantici
177 2759 311 2807 Conticorum,
326 2760 471 2807 Ecclesiastiei,
486 2761 528 2807 lob,
544 2760 626 2808 shlrdiae,
642 2761 725 2806 Nalnuu,
735 2759 856 2812 sophoniae,
866 2757 939 2809 dggaei

91 2822 110 2854 et
125 2815 296 2864 llaehahaeonuu,
313 2818 416 2868 nuspiam,
437 2817 477 2857 nisi
495 2830 527 2856 rue
543 2817 593 2856 fallit
608 2817 713 2864 memoria,
737 2817 757 2856 iu
773 2817 798 2855 iis
814 2816 846 2867 qui
863 2822 940 2855 exstant

91 2872 168 2911 lr‘euaei
183 2872 239 2911 libris
255 2874 341 2913 occurrit
356 2875 437 2914 mentio.
468 2874 552 2914 'lobiam
574 2880 639 2914 tamen
655 2875 694 2913 iam
710 2880 750 2913 tum
766 2874 787 2912 in
801 2872 891 2924 pluribus
907 2883 939 2911 ee-

92 2928 159 2969 clesiis
173 2929 226 2981 inter
241 2931 348 2981 prophetas
365 2932 435 2971 eodem
451 2931 493 2971 iure
509 2932 575 2970 locuni
590 2931 695 2978 lralurisse,
712 2943 751 2982 quo
766 2930 858 2982 hloysen,
874 2929 940 2968 lesum

91 2985 155 3033 Nare,
170 2987 240 3034 druos,
255 2987 359 3034 Hahacue,
375 2989 427 3035 lael,
444 2988 565 3036 Zachariam,
581 2987 667 3035 Esaiam,
682 2987 813 3032 Ezechielem,
829 2985 939 3028 Ieremiam,

92 3041 204 3083 Danielem,
220 3045 328 3095 uggaeumg
344 3045 464 3093 lllielraearn,
485 3045 571 3092 Nahum,
591 3045 674 3085 Esdram
691 3050 710 3083 et
725 3044 858 3096 Sophouiam‚
878 3054 901 3082 er
917 3053 940 3081 eo
