1936 3304
308 147 332 174 Al]
348 146 448 174 aurearum
465 145 537 174 Lucrum
553 146 670 174 Errscouun.
880 137 920 177 519

97 269 119 308 V.
137 261 265 323 ’untertana
283 269 374 322 Spiritus
389 272 455 310 snrtcti
472 271 553 311 uidetur
568 271 663 310 instituto
677 280 719 309 uon
733 271 758 310 od
773 278 921 311 sacromentum

140 325 274 377 efficiendum,
290 327 325 366 sed
339 327 365 367 od
380 327 473 381 effectum
487 329 610 367 sacramenti
624 326 759 367 obtinendum.

126 414 155 454 lle
170 413 303 462 invocatione,
319 428 370 468 quae
384 420 416 456 est
430 416 451 455 in
466 416 544 467 liturgia
556 415 632 463 lacohi,
648 415 697 455 satis
713 415 843 457 disseruimus
852 429 919 469 sirpra.

69 471 132 513 Venio
147 482 201 511 rrunc
215 471 240 511 ad
254 471 346 522 liturgias
361 472 456 524 syriacas.
485 473 528 513 Hae
543 477 609 513 autern
624 473 650 512 ita
665 472 749 512 habeut:
766 472 874 520 „lliserere
881 475 920 514 mei

70 530 123 570 Dens
137 527 202 575 Pater,
219 532 238 567 et
253 528 309 568 mitto
320 528 417 580 Spiritum
433 535 524 569 sanctum
539 534 601 577 ttiunr,
616 534 638 569 ut
653 528 761 569 adveniens
778 535 852 578 sancta,
867 530 920 571 hona

71 591 90 625 et
105 583 192 636 gloriosa
208 596 243 623 sna
258 585 372 636 praesentia
387 585 504 632 sanctificet,
520 591 540 625 et
554 586 615 626 saciat
629 598 702 637 panem
718 585 799 638 quidem
808 585 869 625 istum
877 599 920 625 eor-

70 653 109 695 pus
124 645 215 680 sanctum
231 640 305 680 Christi
320 641 360 688 tui,
382 654 454 694 corpus
469 642 581 695 vivificum,
597 642 695 689 saltitare,
711 643 801 693 coeleste,
817 643 920 683 animabus

71 706 89 739 et
105 697 225 750 corporibus
241 697 326 737 salictam
338 702 469 749 proratoris.“

128 753 178 801 Quis
201 761 267 793 autem
289 754 339 793 adeo
355 767 427 794 caecus
447 767 493 794 esse
513 759 581 806 potest
599 755 647 807 quin
661 755 735 804 videat,
749 755 875 795 sacerdotem
889 754 922 795 hic

72 823 135 850 orare
150 815 172 849 ut
186 809 245 861 paras
261 809 295 849 ille
310 823 383 862 corpus
398 818 488 850 sanctum
504 810 585 859 Christi,
601 811 705 851 animabus
721 817 741 851 et
756 811 875 863 corporibus
888 824 921 851 su—

71 865 172 907 mentibus
187 865 236 905 illnd
251 867 322 906 evadat
336 879 409 918 corpus
425 867 511 907 salutare
526 873 631 919 praestans
640 866 740 909 salutem?
770 868 846 908 Clmius
855 873 922 908 tamen

71 922 163 974 liturgiae
179 933 267 972 graecae.
297 923 317 963 S.
332 924 401 964 Basilii
415 923 494 974 liturgia
510 923 540 963 sic
555 925 622 964 hahet.

129 979 242 1030 „Rogamus
259 985 277 1019 te
292 979 370 1019 Christe
382 981 435 1020 Deus
450 986 526 1027 noster,
542 992 579 1019 nos
595 985 712 1032 praecatores
727 980 803 1032 indigni
818 981 871 1021 servi
887 981 921 1030 tui,

72 1042 91 1076 et
106 1036 212 1076 adoramus
227 1040 247 1075 te
261 1048 299 1088 por
313 1036 460 1089 heneplacitum
474 1036 571 1076 honitatis
587 1042 644 1084 tuae,
659 1041 682 1076 ut
696 1037 789 1076 adveniat
802 1038 889 1089 Spiritus
905 1050 921 1078 s.

71 1100 117 1133 tirus
133 1104 253 1144 supernos,
269 1099 288 1133 et
303 1093 429 1145 superhaec
444 1093 495 1132 dona
510 1093 621 1145 proposita,
638 1098 658 1132 et
673 1093 785 1133 sanctificet
793 1106 822 1141 ea,
839 1094 922 1134 eruciar-

73 1161 110 1202 que
125 1161 149 1188 ea
164 1153 233 1188 sancta
248 1153 363 1188 sauctorum
379 1153 459 1188 tuorum
475 1152 526 1188 etc.“

129 1205 169 1253 Qui
184 1217 300 1256 comparare
314 1205 363 1245 velit
376 1209 479 1256 postrema
493 1204 554 1243 huius
570 1204 666 1243 orationis
681 1203 741 1244 verha
757 1205 857 1253 cumillis,
873 1218 923 1257 quae

71 1261 187 1314 proferebat
202 1261 305 1310 diaconus
321 1274 381 1313 qcrurn
397 1267 502 1315 autequam
519 1260 660 1300 eucharistiam
674 1261 781 1312 praeheret
795 1260 826 1308 iis,
842 1261 877 1314 qui
892 1275 923 1302 sa-

72 1318 148 1358 crificio
164 1318 252 1367 aderant,
268 1318 366 1358 clamahat
374 1316 471 1358 Sanctum
479 1316 571 1357 Soractis:
587 1317 685 1367 intelliget
699 1317 789 1369 prolecto
805 1318 856 1357 nihil
870 1318 924 1359 aliud

72 1375 113 1428 peti
128 1375 167 1415 hac
182 1374 278 1422 oratioue,
293 1374 334 1414 uisi
349 1375 442 1414 effectum
458 1373 598 1421 eucharistiae,
613 1385 654 1412 non
670 1381 735 1413 autern
749 1373 789 1413 vim
799 1374 923 1415 efficiendae.

128 1431 158 1471 lta
173 1431 236 1470 ferme
255 1431 308 1482 apud
327 1443 397 1470 omnes
411 1430 512 1482 reperies,
536 1436 576 1477 „nt
590 1429 698 1469 adveniens
714 1429 801 1482 Spiritus
817 1444 834 1472 s.
849 1431 924 1471 efficiat

72 1499 144 1539 panem
161 1486 241 1539 quidem
257 1499 330 1538 corpus
345 1487 430 1535 Christi,
454 1486 537 1526 calicem
553 1486 596 1526 eins
611 1486 739 1537 sanguinem,
761 1492 783 1526 ut
798 1499 868 1527 enarres
883 1488 923 1527 illis

73 1544 244 1584 communic-antes
262 1543 375 1596 percipiant
391 1542 533 1583 remissionem
552 1549 690 1595 peccatorum,
709 1542 889 1584 sanctificationem
905 1549 924 1584 et

72 1601 132 1641 vitam
147 1605 248 1640 aeternam
263 1604 315 1639 etc..“

131 1657 208 1704 chotus
223 1661 288 1696 autem
305 1656 389 1708 quisque
404 1660 441 1703 est,
458 1655 492 1707 qni
506 1667 547 1694 non
562 1653 666 1704 intelligat,
682 1654 808 1695 sacerdotem
824 1668 884 1708 quarm
897 1656 924 1696 ita

74 1718 118 1753 orat
133 1717 224 1765 spectare
238 1724 280 1752 uon
295 1711 428 1753 carcharistiae
443 1711 561 1751 efficiendae
576 1711 616 1750 vim
630 1711 774 1762 virtutemque,
791 1724 850 1763 quam
864 1712 885 1751 in
901 1725 924 1752 en

74 1782 120 1811 esse
135 1769 209 1810 nullam
224 1770 303 1817 fatetur,
319 1769 354 1809 sed
362 1768 427 1821 ipsius
435 1781 463 1808 ss.
473 1767 604 1808 eucharistiae
613 1768 683 1807 effecta
692 1765 832 1807 nobilissima?
848 1768 924 1815 „Unde

75 1826 155 1879 quando
178 1826 283 1874 sacerdos,
303 1825 370 1877 inquit
389 1825 544 1876 Clrrpsostomus
551 1822 577 1874 ¹),
596 1824 723 1863 tremendum
741 1824 790 1863 illud
806 1824 925 1865 sacrificinm

76 1890 107 1923 est
121 1882 225 1923 oblaturus
239 1881 314 1931 (sciunt
328 1881 407 1929 initiati,
423 1881 477 1932 quod
492 1880 572 1931 dicitur)
587 1892 628 1919 non
643 1880 700 1932 prins
715 1880 830 1931 aggreditur
844 1882 925 1921 adcon-

75 1939 160 1980 ficienda
174 1950 263 1987 munera,
280 1938 345 1978 donee
359 1938 404 1990 ipse
418 1937 476 1977 vohis
491 1936 573 1987 gratiam
589 1948 600 1975 a
615 1936 700 1976 Domino
715 1941 808 1987 precatus
823 1936 890 1985 luerit,
905 1943 926 1977 et

75 2008 111 2036 ros
132 1995 161 2035 illi
179 1995 329 2047 respondeatis,
352 2000 372 2034 et
390 2006 435 2033 cnm
451 1993 528 2045 Spiritu
547 1996 588 2032 tuo.
618 1992 647 2031 Eo
666 2004 766 2043 responso
781 2004 817 2032 vos
832 1993 889 2044 ipsos
904 1993 925 2033 in

75 2052 191 2093 memoriam
206 2051 327 2101 redigentes,
344 2050 396 2102 qnod
411 2049 462 2089 nihil
477 2049 527 2100 ipse,
544 2048 577 2100 qni
593 2054 734 2100 estpraesens,
750 2049 795 2099 agit,
810 2061 876 2100 neque
887 2050 925 2101 huf

76 2122 146 2149 suariae
161 2114 244 2149 naturae
259 2113 307 2147 sunt
322 2108 391 2147 effecta
406 2105 511 2158 proposita
526 2117 618 2152 nutriere,
635 2105 670 2143 sed
686 2104 749 2155 gratia
764 2105 852 2156 Spiritus
867 2118 926 2157 prae-

77 2179 130 2214 sens,
146 2165 253 2217 omniaque
268 2164 367 2214 altingens
382 2162 487 2215 mysticum
502 2160 551 2201 illud
567 2167 661 2213 operatur
675 2160 803 2200 sacrificium.
831 2161 926 2209 Qiramvis

77 2222 130 2263 enim
145 2223 205 2262 honio
221 2222 247 2261 sit
261 2232 364 2273 praesens,
380 2224 399 2259 at
413 2220 467 2260 Deus
483 2222 519 2266 est,
536 2217 568 2269 qni
584 2230 620 2269 per
634 2217 700 2269 ipsum
716 2222 816 2268 operatur.
845 2217 874 2258 Ne
890 2218 926 2268 igi-

78 2284 110 2319 tur
124 2283 207 2319 naturae
222 2278 288 2327 illius,
307 2278 340 2329 qui
358 2276 447 2325 videtur,
468 2274 555 2315 aninrurn
570 2273 653 2322 adhibe,
673 2274 708 2313 sed
724 2273 845 2313 invisibilem
860 2275 926 2314 consi-

78 2336 126 2376 dera
141 2334 246 2386 gratianr.“

134 2392 176 2432 Nec
191 2391 264 2439 obstat,
279 2390 333 2443 qrtod
348 2390 368 2429 in
384 2387 509 2428 invocatione
525 2386 591 2438 aliqua
599 2386 685 2438 Spiritus
701 2398 717 2424 s.
734 2398 807 2436 corpus
816 2385 928 2437 appelletur

78 2448 143 2501 pranis.
172 2448 223 2488 Nam
241 2448 281 2487 hoe
299 2446 319 2486 in
339 2459 394 2486 inme
414 2444 501 2497 positum
520 2443 558 2483 fnit
573 2444 624 2495 apud
640 2443 678 2483 PP.
694 2442 750 2494 ipsos
766 2454 839 2493 corpus
854 2442 928 2483 Christi

79 2505 179 2557 appellare
195 2517 266 2557 pmmm
282 2504 341 2544 etiam
356 2506 437 2555 peracta
453 2500 610 2541 consecratione.
639 2499 751 2546 Nouenim,
767 2498 929 2547 aitlnstinus,ut

78 2574 151 2614 porteion
170 2574 301 2608 coronationem,
322 2572 384 2613 tropice
404 2570 525 2599 coruinuuem
540 2563 612 2608 potione
627 2555 674 2596 hoec
688 2557 796 2596 stertimus:
819 2555 892 2596 etalio
908 2555 929 2596 in

80 2619 132 2667 loco,
153 2619 232 2659 diaconi
243 2617 385 2671 piroeseiutbos
402 2615 492 2655 orriuibus
507 2614 593 2653 trodaiut
607 2612 792 2652 corrirnicm'oorubcm
804 2624 878 2664 portem
894 2619 930 2653 otc.

81 2675 114 2715 Sic
129 2674 218 2725 lgnatius
233 2671 329 2725 martpr²j
345 2673 482 2723 „lhangentes
498 2669 578 2721 (inquit)
593 2681 666 2720 panem
680 2680 752 2716 tritum,
768 2668 822 2720 cpuod
837 2669 929 2721 pharma-

81 2744 125 2771 cum
141 2730 294 2772 immortalitatis
310 2735 341 2769 est
356 2733 408 2768 etc.“
438 2728 459 2767 ld
476 2733 539 2766 autem
555 2726 629 2766 fecisse
645 2725 764 2764 arbitramur
779 2730 821 2765 tuin
831 2726 931 2778 quiaspe-

82 2787 123 2828 cies
138 2788 196 2841 panis
212 2791 304 2840 apiliaret3
320 2791 360 2826 tum
376 2784 434 2824 etiam
451 2783 497 2834 quia
511 2781 592 2834 prolicit
606 2781 630 2822 ad
646 2781 707 2821 arriani
717 2781 809 2832 salutem,
823 2796 865 2823 non
872 2795 931 2823 secus

82 2851 141 2897 atque
156 2845 180 2884 ad
197 2843 287 2896 corporis
303 2842 387 2882 salutem
402 2840 481 2893 proiicit
496 2851 554 2878 verns
568 2839 634 2891 panis,

80 2929 285 2936 .--.---.—----

129 2968 145 3009 1)
158 2968 209 3001 Serui.
222 2967 249 3001 88,
262 2968 277 2999 in
290 2968 334 2999 l‘onl.
381 2965 397 3005 2]
410 2964 459 3007 Epist.
472 2963 491 2996 ad
504 2963 562 3005 Epiros.
579 2962 602 2994 ll.
