1936 3304
73 208 113 249 108
345 220 390 248 nan.
405 220 501 247 nassunri
517 219 647 247 nrssnnmrrn
663 220 670 246 1

71 320 208 372 Archangelos
230 328 296 361 autem
318 320 427 360 secundum
446 320 533 360 Deorum
553 320 636 371 gradum
656 320 758 368 obtinere,
781 332 822 359 non
842 320 926 364 obscure

72 378 138 418 innuit
156 391 200 431 cap.
215 377 235 418 7.
254 378 288 418 uhi
304 377 329 417 de
343 378 439 424 Deorum,
458 377 624 429 archangelorum
639 382 659 416 et
674 377 800 428 angelorum,
820 376 866 416 dum
882 391 926 421 sese

72 435 171 475 videndos
187 436 278 483 offerunt,
298 434 404 486 speciebus
424 433 512 474 disserit.
542 434 586 481 Dii,
605 430 756 485 inquit,'circa
775 447 796 474 se
818 433 870 473 Deos
897 439 928 478 aa

74 493 156 544 angelos
176 493 279 532 adstantes
295 491 377 539 lrabeat,
402 491 519 543 archangeli
532 492 648 531 adsciscant
662 491 702 531 sata·
719 490 770 531 alios
791 491 871 542 evagatos
892 501 926 533 etc.

75 550 134 589 Haud
149 549 230 589 dubium
247 548 306 595 enim,
323 547 371 600 quin
385 547 416 587 Dii
432 547 472 597 illi,
489 561 539 600 quos
554 547 586 588 Dii
602 547 703 587 adstantes
718 547 799 595 habent,
815 547 928 599 archangeli

76 607 123 653 sint,
140 619 190 658 quos
205 604 320 644 immediate
334 605 441 656 postlleos
456 601 548 661 νοητοὺς
562 604 638 645 statuit.
668 604 828 644 Sedremtotam
840 605 927 647 onmium

76 663 187 703 clarissime
202 662 326 701 demonstrat
340 660 421 702 Ficinus
436 662 477 701 iam
492 674 502 701 a
517 661 577 701 nohis
592 662 670 710 citatus,
685 660 707 700 in
721 660 831 700 Conament.
847 661 868 700 in
877 662 926 702 Con-

75 720 114 759 viv.
130 732 173 771 cap.
189 719 209 758 3.
223 717 258 757 ubi
273 717 384 769 triplicem,
405 731 428 758 en
442 718 532 758 Platonis
552 717 661 766 sententia,
680 717 777 758 mundum
792 717 927 768 distinguens:

76 777 166 816 Pedatam
181 778 273 820 orandun,
286 774 357 826 inquit,
373 782 403 814 ast
417 774 471 815 Dens
485 778 630 816 universorum
645 783 727 822 arictum
748 774 800 827 praod
814 777 880 827 ipsum
895 776 929 816 bo-

76 846 125 874 nam
140 833 228 873 dicaeus.
258 831 296 872 Hic
313 839 397 872 merrtem
413 835 472 884 prius
492 839 547 876 creat
561 832 681 884 angelicam:
705 832 774 871 deinde
787 831 858 871 anatadi
871 832 929 874 hattus

77 893 168 936 (utalaam,
183 896 207 928 ut
223 888 279 929 Pluto
294 888 350 929 vaalt:
364 895 466 941 postremo
481 889 552 929 milredi
567 902 647 942 carpas.
677 888 733 928 Mans
748 887 838 939 angelica
850 892 929 940 patinas

76 947 162 986 naaadas
177 953 207 985 ast
221 959 234 985 a
248 945 289 985 Deo
303 946 372 997 factas
388 953 423 985 ate.
452 945 508 985 Adeo
523 951 599 985 certum
614 951 650 993 est,
671 945 821 985 Platonicorum
835 946 930 987 mundum

76 1002 223 1054 intelligibilem
237 1002 291 1041 aliud
305 1001 357 1041 nihil
372 1002 484 1050 continere,
502 1007 583 1054 praeter
601 1002 687 1054 primam
702 1014 803 1050 caussam,
822 1002 930 1043 formarum

78 1059 167 1099 omnium
182 1065 202 1099 et
216 1059 329 1112 specierum
343 1059 436 1107 feracem,
453 1065 473 1099 et
487 1059 575 1110 angelos.
605 1059 661 1098 Hanc
680 1072 726 1098 vero
745 1058 870 1111 ipsissimam
885 1072 930 1100 esse

77 1116 261 1156 Valentinianorum
281 1121 301 1157 et
320 1115 460 1156 Gnosticorum
486 1116 574 1156 omnium
596 1115 718 1167 hypothesin
740 1115 847 1156 manifeste
869 1122 930 1168 patet.

78 1173 132 1221 Quid
147 1173 200 1213 enim
215 1173 270 1213 aliud
284 1172 349 1225 prima
366 1173 401 1212 illa
418 1168 557 1229 πρεσβυτάτη
578 1168 649 1222 αἰτία,
674 1172 766 1224 superior
788 1178 808 1212 et
831 1172 931 1225 antiquior

79 1243 157 1279 caussa,
173 1243 222 1282 quae
237 1230 280 1270 Diis
296 1230 388 1269 omnihus
404 1229 546 1282 supereminet,
562 1242 621 1282 quam
628 1229 813 1269 Valentinianorum
823 1229 931 1278 Proarche,

79 1288 182 1339 Propator
196 1287 305 1338 etBythus,
321 1289 342 1326 ta
357 1286 490 1327 revincamus
506 1294 524 1327 et
538 1286 709 1327 inenarrabilibus
725 1286 932 1339 ultituda'aihasprae-

79 1347 179 1390 earisteus,
194 1344 314 1389 tarvenna,
331 1346 470 1395 aevtvpttamtas,
486 1346 592 1395 ingenuas,
607 1346 629 1383 ia
644 1343 723 1384 silentio
739 1350 758 1384 a
772 1344 933 1396 iaqaietemalta

80 1402 149 1452 (legatas
165 1403 300 1440 irritamentis
316 1400 442 1440 saeculoruma
456 1400 581 1447 intervallis,
600 1405 706 1452 antequam
720 1400 799 1440 Aeones
818 1399 932 1441 emitteret?

81 1457 133 1505 Quid
148 1456 202 1496 aliud
216 1456 249 1497 ati
263 1452 349 1512 aopaol,
369 1456 512 1508 intelligibiles,
533 1461 629 1509 paternae
647 1456 720 1497 mentis
735 1456 802 1505 ideae,
822 1457 898 1497 formae
914 1464 934 1498 et

80 1513 209 1566 evernplaria,
225 1513 249 1553 ad
265 1526 349 1565 ‹yuorum
364 1513 476 1566 exemplum
491 1519 562 1553 cuncta
577 1513 663 1561 effinxit,
679 1526 738 1565 quam
752 1514 841 1563 Ennoia,
856 1515 898 1555 Nus
914 1521 934 1555 et

79 1571 163 1619 Veritas,
178 1571 240 1611 radiae
256 1574 353 1618 otiandum·
368 1570 417 1618 Nus,
431 1570 523 1622 inquam,
542 1570 603 1610 Pater
619 1577 637 1610 ct
651 1573 730 1610 dativum
745 1574 841 1618 olitanam,
857 1571 879 1611 in
894 1585 932 1624 quo

81 1640 188 1680 supremus
203 1627 264 1667 Pater
276 1630 382 1679 praevaient
397 1630 463 1667 arnaria
478 1625 618 1667 scrutandam?
652 1627 705 1675 Quid
725 1627 779 1667 aliud
797 1627 829 1667 Dii
843 1628 933 1668 Platoni-

82 1697 151 1725 corum
165 1680 245 1739 aoapoi,
260 1683 414 1731 intellectuales,
430 1683 541 1723 divinarum
556 1684 646 1723 idearum
661 1684 828 1736 contemplatores
848 1691 867 1725 et
888 1686 933 1725 imi-

82 1748 164 1789 tatoreS,
180 1740 293 1792 archangeli
309 1753 345 1780 scu
360 1740 425 1791 angeli
440 1741 562 1792 superiores,
579 1753 629 1793 quos
644 1740 740 1792 gradatim
749 1741 933 1783 alterumexaltero

83 1798 205 1846 derivabant,
221 1803 241 1837 et
256 1797 334 1849 quibus,
350 1802 372 1836 ut
385 1797 427 1837 vult
441 1798 497 1837 Plato
513 1797 630 1846 inTimaeo,
646 1798 727 1838 nrandat
738 1798 797 1847 Deus,
813 1804 835 1838 ut
850 1800 874 1839 ad
888 1800 933 1839 imi-

82 1856 179 1895 tationem
194 1854 225 1894 sui
240 1867 307 1894 rerum
322 1854 440 1894 interiorum
454 1854 606 1894 fabricationem
621 1854 771 1906 aggrediantur3
792 1869 850 1907 quam
864 1857 934 1896 haere-

82 1913 168 1952 ticorum
183 1911 267 1951 secundi
280 1912 366 1956 Aeones,
382 1924 432 1962 cynos
448 1924 514 1951 aliattes
530 1914 551 1951 ia
565 1911 686 1951 intellectura
701 1919 720 1951 ct
735 1912 853 1952 desideriam
865 1917 935 1966 capai-

83 1972 162 2010 sv'tt'ona's
177 1972 211 2008 aaa
223 1968 291 2008 Patris
307 1968 404 2008 adducere
418 1968 463 2008 ealt
480 1968 532 2016 Nus,
553 1968 627 2020 tyriique
646 1968 671 2007 ad
690 1967 768 2008 divinae
788 1969 860 2009 mentis
878 1970 935 2011 ideas

83 2026 164 2074 attenti,
179 2026 268 2065 uolentes
287 2032 306 2065 at
324 2028 364 2077 ipat
378 2025 400 2064 de
415 2037 451 2065 sao
471 2025 584 2077 cluav'ficure
598 2024 688 2072 Patrem,
709 2028 801 2066 eaat'ttant
815 2030 935 2074 elatissimam,

84 2083 135 2123 alios
148 2082 242 2122 videlicet
255 2083 340 2128 Aeones,
357 2081 521 2133 quosiuagendo
536 2081 666 2121 successione
682 2081 767 2134 quadam
782 2096 805 2123 ae
819 2083 872 2123 serie
887 2084 935 2123 diri-

85 2146 143 2192 gunt,
165 2144 185 2178 et
207 2151 290 2190 quorum
312 2138 425 2177 ministerio
448 2151 540 2191 suprema
560 2151 628 2178 rerum
647 2139 767 2190 exemplaria
782 2140 804 2179 in
825 2141 935 2181 condendis

84 2197 145 2236 rebus
160 2195 244 2248 exprimi
259 2193 343 2235 curant?
373 2195 436 2234 Tanta
454 2195 507 2234 inter
524 2200 629 2247 utramque
647 2195 767 2247 hypothesin
792 2197 879 2238 affinitas
899 2203 935 2246 est,

85 2261 107 2294 ut
122 2265 182 2305 quum
196 2252 260 2292 maior
275 2264 320 2291 esse
335 2264 375 2290 non
390 2251 462 2303 possit,
478 2252 548 2291 eadem
563 2264 646 2304 prorsus
663 2252 811 2292 essevideatur.
841 2254 935 2295 Hoctan-

85 2316 128 2350 tum
146 2310 240 2356 interest,
261 2308 314 2359 quod
333 2308 394 2347 altera
407 2313 450 2347 tota
465 2308 489 2347 ad
504 2309 609 2360 profanam
625 2308 732 2348 Gentilium
747 2310 867 2361 theologiam
883 2325 936 2351 cona-

85 2372 155 2420 parata
170 2366 207 2414 sit,
226 2365 289 2405 altera
303 2377 350 2404 vero
366 2364 513 2416 Scripturarum
529 2377 567 2416 ope
582 2364 680 2405 tantillum
696 2365 721 2405 ad
737 2365 865 2407 christianam
881 2369 936 2408 theo-

85 2425 159 2476 logiam
175 2423 251 2463 deflexa
266 2422 298 2469 sit,
314 2422 350 2461 sed
364 2421 422 2472 nugis
437 2421 482 2461 istis
490 2422 518 2461 ita
526 2421 657 2471 defoedatam
673 2427 695 2461 ut
704 2435 754 2474 quae
765 2423 797 2463 cui
806 2426 937 2476 praeferenda

87 2481 119 2529 sit,
135 2480 231 2531 anahigas.
260 2479 341 2527 Vereor,
356 2491 382 2518 ne
397 2478 415 2517 si
429 2478 489 2518 latius
505 2483 524 2518 et
538 2491 575 2530 per
589 2484 663 2531 parteS,
679 2480 732 2531 quod
741 2480 800 2521 facile
808 2481 852 2521 fieri
861 2488 937 2534 posset,

87 2537 231 2590 expenderetur
249 2535 353 2587 utriusque
375 2535 488 2587 systematis
510 2535 606 2585 affinitas,
629 2536 708 2587 longius
730 2546 844 2578 excurreret
864 2539 937 2588 orati03

88 2594 165 2635 erudito
185 2592 256 2633 lectori
275 2592 328 2632 viam
343 2592 447 2644 aperuisse
462 2592 555 2633 sufficiat.
584 2593 663 2633 Interea
679 2606 702 2633 ex
715 2594 812 2635 hactenus
828 2595 897 2643 dictis,
917 2595 938 2635 ni

88 2651 152 2697 fallor,
169 2649 280 2697 concludet,
295 2661 336 2689 non
350 2649 410 2688 modo
425 2649 742 2701 posterioresValentinianorum
755 2650 841 2699 Aeones,
857 2652 938 2704 ipsissi-

88 2720 133 2748 mos
148 2706 296 2747 Platonicorum
312 2705 441 2756 archangelos
456 2706 531 2756 fuisse3
549 2707 586 2746 sed
601 2711 621 2746 et
634 2706 735 2747 invisibile
750 2713 770 2748 et
785 2708 875 2760 spiritale
890 2709 937 2749 illud

88 2764 178 2818 pleroma
193 2777 204 2803 a
218 2764 291 2803 mundo
307 2762 427 2813 intelligibili
442 2762 544 2811 Platonis,
559 2768 582 2802 ut
596 2763 707 2816 exernplum
722 2764 746 2804 ab
762 2765 881 2817 archetypo,
896 2779 938 2806 ina-

88 2834 156 2863 nasse.
184 2820 227 2859 lam
241 2820 266 2859 ad
280 2819 363 2859 alteram
376 2818 510 2859 Valentiniani
529 2819 641 2871 systematis
659 2826 746 2872 partem,
767 2821 861 2862 nimirum
874 2823 938 2863 Acha-

89 2878 169 2919 mothae
183 2875 277 2924 fabulam,
292 2889 328 2916 seu
343 2889 367 2916 ea
382 2888 433 2929 quae
448 2881 502 2916 eitra
517 2875 607 2929 pleroma
622 2877 755 2930 contigerunt,
770 2890 939 2920 sennonemcon-

89 2942 195 2982 vertamus,
211 2939 293 2985 ternpus,
304 2938 341 2972 est.

148 2992 181 3033 64.
202 2991 263 3031 Extra
285 2989 374 3041 pleroma
393 2988 481 3042 Sophiae
498 2989 629 3041 Enthymesin
655 3004 698 3033 aaran
724 2993 830 3044 appendice
846 2996 941 3045 passione

91 3049 198 3102 relegatum
212 3047 305 3088 dicebant
318 3046 460 3096 Valentiniani,
483 3046 504 3086 in
518 3047 588 3088 umbra
603 3053 623 3089 et
636 3061 708 3095 vacuo,
724 3049 810 3099 formae,
825 3051 900 3103 figurae
918 3063 941 3090 ac
